date,product_line,region,customer_segment,units_sold,revenue,cost_of_goods,operating_cost,profit_margin,weight_kg,volume_liters
2023-01-31,Aluminum Cans,Asia Pacific,E-commerce,39424,239525.23,154193.93,52347.88,32983.43,15769.6,19712.0
2023-01-31,Aluminum Cans,Asia Pacific,Food & Beverage,204042,1249092.63,807064.87,276718.97,165308.76,81616.8,102021.0
2023-01-31,Aluminum Cans,Asia Pacific,Pharmaceutical,130690,793990.46,510944.07,183487.62,99558.84,52276.0,65345.0
2023-01-31,Aluminum Cans,Asia Pacific,Retail,75248,457652.12,290387.61,99074.93,68189.54,30099.2,37624.0
2023-01-31,Aluminum Cans,Asia Pacific,Wholesale,211256,1280712.04,814157.0700000001,290737.92,175817.06,84502.40000000001,105628.0
2023-01-31,Aluminum Cans,Europe,E-commerce,32132,240090.41999999998,124573.5,43039.12,72477.79,12852.800000000001,16066.0
2023-01-31,Aluminum Cans,Europe,Food & Beverage,194973,1455762.42,761162.24,269922.74,424677.52,77989.20000000001,97486.5
2023-01-31,Aluminum Cans,Europe,Pharmaceutical,180870,1339709.47,702560.73,247413.45,389735.26,72348.0,90435.0
2023-01-31,Aluminum Cans,Europe,Retail,56770,422437.11,219708.39,80159.26,122569.49,22708.0,28385.0
2023-01-31,Aluminum Cans,Europe,Wholesale,330107,2460704.5300000003,1264296.11,451126.4,745282.01,132042.80000000002,165053.5
2023-01-31,Aluminum Cans,Latin America,E-commerce,32835,188111.24,126589.01,42731.82,18790.41,13134.0,16417.5
2023-01-31,Aluminum Cans,Latin America,Food & Beverage,206809,1193870.8,793358.12,268041.6,132471.07,82723.6,103404.5
2023-01-31,Aluminum Cans,Latin America,Pharmaceutical,134427,768884.15,519662.26,177098.66,72123.27,53770.8,67213.5
2023-01-31,Aluminum Cans,Latin America,Retail,73587,425133.97,278105.13,99492.96,47535.81,29434.800000000003,36793.5
2023-01-31,Aluminum Cans,Latin America,Wholesale,341040,1957858.02,1311700.3,465490.05,180667.62,136416.0,170520.0
2023-01-31,Aluminum Cans,North America,E-commerce,31748,215465.35,122911.11,42900.76,49653.5,12699.2,15874.0
2023-01-31,Aluminum Cans,North America,Food & Beverage,199242,1348004.68,776669.25,275659.64,295675.81,79696.8,99621.0
2023-01-31,Aluminum Cans,North America,Pharmaceutical,156803,1055051.12,593868.12,206092.54,255090.45,62721.200000000004,78401.5
2023-01-31,Aluminum Cans,North America,Retail,55008,371584.04,213463.56,76451.6,81668.91,22003.2,27504.0
2023-01-31,Aluminum Cans,North America,Wholesale,384698,2607993.0,1473078.28,497871.53,637043.14,153879.2,192349.0
2023-01-31,Biodegradable Packaging,Asia Pacific,E-commerce,25864,182092.07,128534.22,45216.37,8341.48,5172.8,15518.4
2023-01-31,Biodegradable Packaging,Asia Pacific,Food & Beverage,222162,1566618.61,1116806.86,391323.21,58488.57,44432.4,133297.19999999998
2023-01-31,Biodegradable Packaging,Asia Pacific,Pharmaceutical,119942,845181.16,596125.21,208133.49,40922.49,23988.4,71965.2
2023-01-31,Biodegradable Packaging,Asia Pacific,Retail,58396,413982.92,282094.11,96380.73,35508.02,11679.2,35037.6
2023-01-31,Biodegradable Packaging,Asia Pacific,Wholesale,352187,2483741.71,1750881.19,621027.08,111833.4,70437.40000000001,211312.19999999998
2023-01-31,Biodegradable Packaging,Europe,E-commerce,29570,256169.68,144601.13,52077.6,59491.02,5914.0,17742.0
2023-01-31,Biodegradable Packaging,Europe,Food & Beverage,123661,1056292.54,614194.65,215828.72,226269.18,24732.2,74196.59999999999
2023-01-31,Biodegradable Packaging,Europe,Pharmaceutical,136049,1162598.51,672187.6,232928.16,257482.79,27209.800000000003,81629.4
2023-01-31,Biodegradable Packaging,Europe,Retail,69535,597069.01,339056.05,120407.12,137605.88,13907.0,41721.0
2023-01-31,Biodegradable Packaging,Europe,Wholesale,334843,2872558.47,1646933.21,552747.88,672877.33,66968.6,200905.8
2023-01-31,Biodegradable Packaging,Latin America,E-commerce,29568,196340.68,148421.16,53839.94,-5920.349999999999,5913.6,17740.8
2023-01-31,Biodegradable Packaging,Latin America,Food & Beverage,128545,854561.85,623219.29,212170.09,19172.47,25709.0,77127.0
2023-01-31,Biodegradable Packaging,Latin America,Pharmaceutical,140654,932792.79,694105.68,245907.43,-7220.3099999999995,28130.800000000003,84392.4
2023-01-31,Biodegradable Packaging,Latin America,Retail,67324,448902.81,334100.36,119314.78,-4512.28,13464.800000000001,40394.4
2023-01-31,Biodegradable Packaging,Latin America,Wholesale,292956,1940013.86,1442732.07,491079.32,6202.439999999999,58591.200000000004,175773.6
2023-01-31,Biodegradable Packaging,North America,E-commerce,35692,278751.2,178432.41,63546.79,36772.02,7138.400000000001,21415.2
2023-01-31,Biodegradable Packaging,North America,Food & Beverage,210021,1648396.71,1028165.04,358982.94,261248.76,42004.200000000004,126012.59999999999
2023-01-31,Biodegradable Packaging,North America,Pharmaceutical,128007,996605.01,627743.52,218862.25,149999.31,25601.4,76804.2
2023-01-31,Biodegradable Packaging,North America,Retail,55116,432879.1,272678.16,93069.65,67131.24,11023.2,33069.6
2023-01-31,Biodegradable Packaging,North America,Wholesale,241609,1894128.73,1198883.45,417232.52,278012.75,48321.8,144965.4
2023-01-31,Glass Bottles,Asia Pacific,E-commerce,31183,234007.82,138683.82,50245.63,45078.42,37419.6,46774.5
2023-01-31,Glass Bottles,Asia Pacific,Food & Beverage,199733,1506755.0,877530.12,311872.66000000003,317352.26,239679.59999999998,299599.5
2023-01-31,Glass Bottles,Asia Pacific,Pharmaceutical,114084,860234.68,507432.55,182398.91999999998,170403.2,136900.8,171126.0
2023-01-31,Glass Bottles,Asia Pacific,Retail,61074,455076.92,264644.01,86733.36,103699.59,73288.8,91611.0
2023-01-31,Glass Bottles,Asia Pacific,Wholesale,274802,2070747.43,1202412.2,407564.43,460770.87,329762.39999999997,412203.0
2023-01-31,Glass Bottles,Europe,E-commerce,28362,261080.52,122806.79,42054.17,96219.59,34034.4,42543.0
2023-01-31,Glass Bottles,Europe,Food & Beverage,205761,1880962.35,900287.78,315441.21,665233.36,246913.19999999998,308641.5
2023-01-31,Glass Bottles,Europe,Pharmaceutical,117647,1070608.39,522327.17,178836.57,369444.65,141176.4,176470.5
2023-01-31,Glass Bottles,Europe,Retail,65504,601844.13,286891.93,95398.76,219553.47,78604.8,98256.0
2023-01-31,Glass Bottles,Europe,Wholesale,345067,3166758.35,1535066.63,550004.12,1081687.56,414080.39999999997,517600.5
2023-01-31,Glass Bottles,Latin America,E-commerce,33851,241170.58,148535.37,52486.12,40149.06,40621.2,50776.5
2023-01-31,Glass Bottles,Latin America,Food & Beverage,154989,1097191.85,669958.57,236177.73,191055.58,185986.8,232483.5
2023-01-31,Glass Bottles,Latin America,Pharmaceutical,153899,1085444.16,686825.38,234962.04,163656.71,184678.8,230848.5
2023-01-31,Glass Bottles,Latin America,Retail,62495,441619.96,267455.23,92620.32,81544.42,74994.0,93742.5
2023-01-31,Glass Bottles,Latin America,Wholesale,297779,2118381.06,1299515.84,440471.14,378394.03,357334.8,446668.5
2023-01-31,Glass Bottles,North America,E-commerce,33891,283666.93,149601.37,53556.12,80509.55,40669.2,50836.5
2023-01-31,Glass Bottles,North America,Food & Beverage,182129,1529174.13,811756.87,279438.27,437978.96,218554.8,273193.5
2023-01-31,Glass Bottles,North America,Pharmaceutical,113353,937876.01,496873.86,181820.18,259181.97,136023.6,170029.5
2023-01-31,Glass Bottles,North America,Retail,54790,456013.93,239780.76,85864.09,130369.03,65748.0,82185.0
2023-01-31,Glass Bottles,North America,Wholesale,267069,2244436.13,1156457.07,407919.05,680060.03,320482.8,400603.5
2023-01-31,Paper Packaging,Asia Pacific,E-commerce,34548,146602.25,97582.54,33938.21,15081.55,10364.4,27638.4
2023-01-31,Paper Packaging,Asia Pacific,Food & Beverage,157956,669422.62,428054.98,151173.76,90193.88,47386.799999999996,126364.8
2023-01-31,Paper Packaging,Asia Pacific,Pharmaceutical,113894,480980.37,313411.85,108565.56,59002.92,34168.2,91115.20000000001
2023-01-31,Paper Packaging,Asia Pacific,Retail,56487,239253.77,153642.59,54430.9,31180.27,16946.1,45189.600000000006
2023-01-31,Paper Packaging,Asia Pacific,Wholesale,256765,1078832.22,712321.12,255785.58000000002,110725.48,77029.5,205412.0
2023-01-31,Paper Packaging,Europe,E-commerce,29911,154700.87,81971.06,28565.329999999998,44164.45,8973.3,23928.800000000003
2023-01-31,Paper Packaging,Europe,Food & Beverage,154797,803078.7,417414.97000000003,147679.31,237984.38999999998,46439.1,123837.6
2023-01-31,Paper Packaging,Europe,Pharmaceutical,120967,621758.16,336015.05,112032.84,173710.23,36290.1,96773.6
2023-01-31,Paper Packaging,Europe,Retail,77604,396244.3,216441.67,74976.66,104825.97,23281.2,62083.200000000004
2023-01-31,Paper Packaging,Europe,Wholesale,359669,1859427.03,971629.99,336612.57,551184.41,107900.7,287735.2
2023-01-31,Paper Packaging,Latin America,E-commerce,23607,93910.06,65246.35,22956.21,5707.51,7082.099999999999,18885.600000000002
2023-01-31,Paper Packaging,Latin America,Food & Beverage,189435,758739.45,526152.36,184036.86000000002,48550.2,56830.5,151548.0
2023-01-31,Paper Packaging,Latin America,Pharmaceutical,129864,515183.42,356910.93,125501.20999999999,32771.29,38959.2,103891.20000000001
2023-01-31,Paper Packaging,Latin America,Retail,54426,217706.15,147840.53,52950.56,16915.0,16327.8,43540.8
2023-01-31,Paper Packaging,Latin America,Wholesale,327481,1315251.16,893720.79,308061.44,113468.98,98244.3,261984.80000000002
2023-01-31,Paper Packaging,North America,E-commerce,32271,150319.89,87693.96,30298.97,32327.09,9681.3,25816.800000000003
2023-01-31,Paper Packaging,North America,Food & Beverage,236599,1112927.22,648430.73,228121.66,236374.85,70979.7,189279.2
2023-01-31,Paper Packaging,North America,Pharmaceutical,130168,608800.5,357416.29,122483.74,128900.46,39050.4,104134.40000000001
2023-01-31,Paper Packaging,North America,Retail,49450,231622.97,135394.0,49698.27,46530.68,14835.0,39560.0
2023-01-31,Paper Packaging,North America,Wholesale,290573,1366405.52,807968.54,288050.46,270386.47,87171.9,232458.40000000002
2023-01-31,Plastic Containers,Asia Pacific,E-commerce,26412,124608.67,85559.21,29678.93,9370.539999999999,13206.0,26412.0
2023-01-31,Plastic Containers,Asia Pacific,Food & Beverage,176266,824952.34,582688.48,209002.38,33261.46,88133.0,176266.0
2023-01-31,Plastic Containers,Asia Pacific,Pharmaceutical,125199,591554.63,414822.75,143908.92,32822.97,62599.5,125199.0
2023-01-31,Plastic Containers,Asia Pacific,Retail,55835,262971.51,186397.35,66493.32,10080.84,27917.5,55835.0
2023-01-31,Plastic Containers,Asia Pacific,Wholesale,283921,1337573.3800000001,917846.69,317682.58,102044.11,141960.5,283921.0
2023-01-31,Plastic Containers,Europe,E-commerce,32383,184895.9,106659.46,38424.02,39812.44,16191.5,32383.0
2023-01-31,Plastic Containers,Europe,Food & Beverage,131485,747221.98,427093.42,151891.22,168237.3,65742.5,131485.0
2023-01-31,Plastic Containers,Europe,Pharmaceutical,120890,692135.82,394075.6,139973.4,158086.82,60445.0,120890.0
2023-01-31,Plastic Containers,Europe,Retail,43314,245073.13999999998,146137.5,51797.35,47138.31,21657.0,43314.0
2023-01-31,Plastic Containers,Europe,Wholesale,323909,1846303.23,1075091.65,390302.74,380908.89,161954.5,323909.0
2023-01-31,Plastic Containers,Latin America,E-commerce,28190,125533.55,92558.88,32846.87,127.75000000000003,14095.0,28190.0
2023-01-31,Plastic Containers,Latin America,Food & Beverage,192885,854620.47,641832.71,220984.02,-8196.24,96442.5,192885.0
2023-01-31,Plastic Containers,Latin America,Pharmaceutical,109588,488034.32,361849.31,131057.25,-4872.219999999998,54794.0,109588.0
2023-01-31,Plastic Containers,Latin America,Retail,54553,241088.82,178652.78,64033.52,-1597.5000000000005,27276.5,54553.0
2023-01-31,Plastic Containers,Latin America,Wholesale,262232,1175120.57,856403.76,296121.63,22595.15,131116.0,262232.0
2023-01-31,Plastic Containers,North America,E-commerce,37603,194548.35,123362.95,41772.93,29412.46,18801.5,37603.0
2023-01-31,Plastic Containers,North America,Food & Beverage,183875,953409.0,603062.96,209547.21,140798.89,91937.5,183875.0
2023-01-31,Plastic Containers,North America,Pharmaceutical,149297,776532.76,486609.32,173282.38,116641.08,74648.5,149297.0
2023-01-31,Plastic Containers,North America,Retail,50650,264764.58,169298.38,60572.22,34894.0,25325.0,50650.0
2023-01-31,Plastic Containers,North America,Wholesale,255234,1328131.23,846682.12,300571.24,180877.81,127617.0,255234.0
2023-02-28,Aluminum Cans,Asia Pacific,E-commerce,31242,205024.26,120409.51,42857.72,41757.08,12496.800000000001,15621.0
2023-02-28,Aluminum Cans,Asia Pacific,Food & Beverage,130680,841735.66,520612.94,181581.48,139541.21,52272.0,65340.0
2023-02-28,Aluminum Cans,Asia Pacific,Pharmaceutical,91344,601611.3,346608.87,119911.6,135090.85,36537.6,45672.0
2023-02-28,Aluminum Cans,Asia Pacific,Retail,44921,293361.9,177291.65,61850.43,54219.869999999995,17968.4,22460.5
2023-02-28,Aluminum Cans,Asia Pacific,Wholesale,305064,1981325.21,1174857.35,419824.18,386643.66,122025.6,152532.0
2023-02-28,Aluminum Cans,Europe,E-commerce,26703,211471.27,103258.53,35905.66,72307.1,10681.2,13351.5
2023-02-28,Aluminum Cans,Europe,Food & Beverage,171411,1351311.17,660630.7000000001,229182.54,461497.95,68564.40000000001,85705.5
2023-02-28,Aluminum Cans,Europe,Pharmaceutical,115914,915933.51,447845.35000000003,160161.78,307926.38,46365.600000000006,57957.0
2023-02-28,Aluminum Cans,Europe,Retail,56245,445849.64,217904.96,78026.59,149918.12,22498.0,28122.5
2023-02-28,Aluminum Cans,Europe,Wholesale,240010,1900652.96,910228.2,313736.17,676688.65,96004.0,120005.0
2023-02-28,Aluminum Cans,Latin America,E-commerce,27221,166976.79,105860.15,35557.95,25558.64,10888.400000000001,13610.5
2023-02-28,Aluminum Cans,Latin America,Food & Beverage,169022,1034743.39,647759.83,225962.22,161021.33000000002,67608.8,84511.0
2023-02-28,Aluminum Cans,Latin America,Pharmaceutical,126402,778021.55,491648.49,168857.83,117515.33,50560.8,63201.0
2023-02-28,Aluminum Cans,Latin America,Retail,57308,353967.0,220741.16,77715.68,55510.14,22923.2,28654.0
2023-02-28,Aluminum Cans,Latin America,Wholesale,302310,1866002.48,1150606.3699999999,408514.12,306881.99,120924.00000000001,151155.0
2023-02-28,Aluminum Cans,North America,E-commerce,29320,211433.69,112974.49,39326.23,59132.93,11728.0,14660.0
2023-02-28,Aluminum Cans,North America,Food & Beverage,187422,1346286.85,721708.83,248063.33,376514.71,74968.8,93711.0
2023-02-28,Aluminum Cans,North America,Pharmaceutical,80206,580517.72,313998.87,114660.5,151858.31,32082.4,40103.0
2023-02-28,Aluminum Cans,North America,Retail,64947,467800.37,251758.55,87186.28,128855.64,25978.800000000003,32473.5
2023-02-28,Aluminum Cans,North America,Wholesale,300870,2158779.93,1172552.15,401270.78,584956.9400000001,120348.0,150435.0
2023-02-28,Biodegradable Packaging,Asia Pacific,E-commerce,27828,208929.77,137829.32,47412.73,23687.71,5565.6,16696.8
2023-02-28,Biodegradable Packaging,Asia Pacific,Food & Beverage,189501,1426459.25,927695.05,319446.37,179317.86000000002,37900.200000000004,113700.59999999999
2023-02-28,Biodegradable Packaging,Asia Pacific,Pharmaceutical,121688,921860.09,597045.12,208561.82,116253.19,24337.600000000002,73012.8
2023-02-28,Biodegradable Packaging,Asia Pacific,Retail,52790,396422.45,258550.66,89542.84,48328.97,10558.0,31674.0
2023-02-28,Biodegradable Packaging,Asia Pacific,Wholesale,288932,2183354.98,1374849.19,467262.22000000003,341243.63,57786.4,173359.19999999998
2023-02-28,Biodegradable Packaging,Europe,E-commerce,21527,197139.63,106011.06,36621.36,54507.19,4305.400000000001,12916.199999999999
2023-02-28,Biodegradable Packaging,Europe,Food & Beverage,160899,1468863.48,808312.28,268294.59,392256.66,32179.800000000003,96539.4
2023-02-28,Biodegradable Packaging,Europe,Pharmaceutical,114604,1055074.95,575484.62,199462.46,280127.88,22920.800000000003,68762.4
2023-02-28,Biodegradable Packaging,Europe,Retail,61218,557432.42,301685.94,107886.16,147860.27,12243.6,36730.799999999996
2023-02-28,Biodegradable Packaging,Europe,Wholesale,293817,2694191.57,1469358.77,499859.23,724973.5700000001,58763.4,176290.19999999998
2023-02-28,Biodegradable Packaging,Latin America,E-commerce,34918,245749.63999999998,170994.37,59548.57,15206.68,6983.6,20950.8
2023-02-28,Biodegradable Packaging,Latin America,Food & Beverage,154640,1093557.29,768999.45,269621.71,54936.07,30928.0,92784.0
2023-02-28,Biodegradable Packaging,Latin America,Pharmaceutical,88498,629053.26,442800.82,155245.89,31006.56,17699.600000000002,53098.799999999996
2023-02-28,Biodegradable Packaging,Latin America,Retail,60235,427516.03,297065.58,102055.55,28394.91,12047.0,36141.0
2023-02-28,Biodegradable Packaging,Latin America,Wholesale,266937,1896918.98,1344301.22,487169.67,65448.1,53387.4,160162.19999999998
2023-02-28,Biodegradable Packaging,North America,E-commerce,31984,265268.73,160720.44,55749.58,48798.74,6396.8,19190.399999999998
2023-02-28,Biodegradable Packaging,North America,Food & Beverage,163549,1367573.45,798004.8,277025.02,292543.62,32709.800000000003,98129.4
2023-02-28,Biodegradable Packaging,North America,Pharmaceutical,103949,860489.5,516413.22,177164.08,166912.23,20789.8,62369.4
2023-02-28,Biodegradable Packaging,North America,Retail,68213,565374.24,347967.0,125423.11,91984.11,13642.6,40927.799999999996
2023-02-28,Biodegradable Packaging,North America,Wholesale,229759,1906470.57,1149259.18,418416.15,338795.28,45951.8,137855.4
2023-02-28,Glass Bottles,Asia Pacific,E-commerce,31692,254235.04,138184.99,48735.64,67314.37,38030.4,47538.0
2023-02-28,Glass Bottles,Asia Pacific,Food & Beverage,123038,997190.77,547351.59,190710.45,259128.71,147645.6,184557.0
2023-02-28,Glass Bottles,Asia Pacific,Pharmaceutical,106889,858524.77,475288.47,165888.77,217347.52,128266.79999999999,160333.5
2023-02-28,Glass Bottles,Asia Pacific,Retail,44245,357111.98,192546.59,67335.94,97229.43,53094.0,66367.5
2023-02-28,Glass Bottles,Asia Pacific,Wholesale,327386,2625697.0,1434812.84,506873.99,684010.13,392863.2,491079.0
2023-02-28,Glass Bottles,Europe,E-commerce,30185,292644.13,131837.91,44534.45,116271.66,36222.0,45277.5
2023-02-28,Glass Bottles,Europe,Food & Beverage,154194,1511378.15,670699.6900000001,231605.68,609072.75,185032.8,231291.0
2023-02-28,Glass Bottles,Europe,Pharmaceutical,113513,1106154.62,499518.19,171247.13,435389.31,136215.6,170269.5
2023-02-28,Glass Bottles,Europe,Retail,41546,406812.83,182241.56,62821.43,161749.85,49855.2,62319.0
2023-02-28,Glass Bottles,Europe,Wholesale,260736,2537253.39,1153439.15,402742.75,981071.57,312883.2,391104.0
2023-02-28,Glass Bottles,Latin America,E-commerce,25023,189185.23,109209.06,38483.62,41492.53,30027.6,37534.5
2023-02-28,Glass Bottles,Latin America,Food & Beverage,178446,1336651.23,783153.7,278406.52999999997,275091.05,214135.19999999998,267669.0
2023-02-28,Glass Bottles,Latin America,Pharmaceutical,155138,1170083.94,685280.91,234189.49,250613.61000000002,186165.6,232707.0
2023-02-28,Glass Bottles,Latin America,Retail,60418,455510.35,266140.2,99431.91,89938.21,72501.59999999999,90627.0
2023-02-28,Glass Bottles,Latin America,Wholesale,277602,2092575.13,1202125.77,418910.35,471538.99,333122.39999999997,416403.0
2023-02-28,Glass Bottles,North America,E-commerce,20110,178650.72,91760.52,30807.84,56082.35,24132.0,30165.0
2023-02-28,Glass Bottles,North America,Food & Beverage,151259,1339669.16,664650.7,227537.87,447480.57,181510.8,226888.5
2023-02-28,Glass Bottles,North America,Pharmaceutical,113578,1002114.43,496839.51,177051.04,328223.83,136293.6,170367.0
2023-02-28,Glass Bottles,North America,Retail,52844,471320.55,233698.99,84988.42,152633.17,63412.799999999996,79266.0
2023-02-28,Glass Bottles,North America,Wholesale,284022,2532643.66,1234729.18,411113.27,886801.15,340826.39999999997,426033.0
2023-02-28,Paper Packaging,Asia Pacific,E-commerce,36179,163505.88999999998,96197.67,32961.53,34346.61,10853.699999999999,28943.2
2023-02-28,Paper Packaging,Asia Pacific,Food & Beverage,174070,783992.71,473754.39,167172.37,143065.98,52221.0,139256.0
2023-02-28,Paper Packaging,Asia Pacific,Pharmaceutical,104958,475396.76,291730.55,105480.70999999999,78185.54,31487.399999999998,83966.40000000001
2023-02-28,Paper Packaging,Asia Pacific,Retail,52390,237017.77,143631.28,48776.58,44609.9,15717.0,41912.0
2023-02-28,Paper Packaging,Asia Pacific,Wholesale,255160,1156017.11,703426.73,237032.57,215557.82,76548.0,204128.0
2023-02-28,Paper Packaging,Europe,E-commerce,26655,146361.98,74025.08,25523.02,46813.9,7996.5,21324.0
2023-02-28,Paper Packaging,Europe,Food & Beverage,168158,914661.45,460048.25,158637.05,295976.12,50447.399999999994,134526.4
2023-02-28,Paper Packaging,Europe,Pharmaceutical,108572,595640.04,294567.41,102044.28,199028.32,32571.6,86857.6
2023-02-28,Paper Packaging,Europe,Retail,46411,254815.54,130312.79000000001,47177.59,77325.08,13923.3,37128.8
2023-02-28,Paper Packaging,Europe,Wholesale,270880,1479409.04,746665.92,256572.65,476170.56,81264.0,216704.00000000003
2023-02-28,Paper Packaging,Latin America,E-commerce,28354,121470.26,77138.81999999999,27395.01,16936.41,8506.199999999999,22683.2
2023-02-28,Paper Packaging,Latin America,Food & Beverage,180056,765051.46,496211.62,165347.84,103492.02,54016.799999999996,144044.80000000002
2023-02-28,Paper Packaging,Latin America,Pharmaceutical,114861,489750.35,317845.05,111257.41,60647.94,34458.299999999996,91888.8
2023-02-28,Paper Packaging,Latin America,Retail,60025,256367.8,164752.15,58472.54,33143.14,18007.5,48020.0
2023-02-28,Paper Packaging,Latin America,Wholesale,248412,1065454.78,667494.13,244057.77,153902.91,74523.6,198729.6
2023-02-28,Paper Packaging,North America,E-commerce,26801,132864.04,73795.92,25320.23,33747.85,8040.299999999999,21440.800000000003
2023-02-28,Paper Packaging,North America,Food & Beverage,172771,858426.1,474357.52999999997,162885.91,221182.65,51831.299999999996,138216.80000000002
2023-02-28,Paper Packaging,North America,Pharmaceutical,91767,455624.99,246620.4,87096.38,121908.17,27530.1,73413.6
2023-02-28,Paper Packaging,North America,Retail,42529,211761.54,114578.15,39828.37,57355.11,12758.699999999999,34023.200000000004
2023-02-28,Paper Packaging,North America,Wholesale,242058,1201531.31,669232.94,236676.23,295622.05,72617.4,193646.40000000002
2023-02-28,Plastic Containers,Asia Pacific,E-commerce,34535,172865.08,113563.66,40155.33,19146.06,17267.5,34535.0
2023-02-28,Plastic Containers,Asia Pacific,Food & Beverage,162703,817770.95,540785.02,187028.42,89957.53,81351.5,162703.0
2023-02-28,Plastic Containers,Asia Pacific,Pharmaceutical,138518,696779.9,446387.27,155567.16,94825.45,69259.0,138518.0
2023-02-28,Plastic Containers,Asia Pacific,Retail,50505,251904.17,169931.68,59924.5,22047.95,25252.5,50505.0
2023-02-28,Plastic Containers,Asia Pacific,Wholesale,264418,1320924.28,869296.73,299437.35,152190.21,132209.0,264418.0
2023-02-28,Plastic Containers,Europe,E-commerce,27218,165537.37,90924.55,31531.64,43081.17,13609.0,27218.0
2023-02-28,Plastic Containers,Europe,Food & Beverage,140291,856825.49,458319.27,159435.56,239070.68,70145.5,140291.0
2023-02-28,Plastic Containers,Europe,Pharmaceutical,112443,684731.12,365754.17,131862.37,187114.63,56221.5,112443.0
2023-02-28,Plastic Containers,Europe,Retail,50712,307996.72,172403.78,60023.29,75569.66,25356.0,50712.0
2023-02-28,Plastic Containers,Europe,Wholesale,298505,1824268.04,990183.17,344665.5,489419.4,149252.5,298505.0
2023-02-28,Plastic Containers,Latin America,E-commerce,34910,165261.65,114229.84,39837.32,11194.45,17455.0,34910.0
2023-02-28,Plastic Containers,Latin America,Food & Beverage,190581,904297.22,624660.12,213531.74,66105.36,95290.5,190581.0
2023-02-28,Plastic Containers,Latin America,Pharmaceutical,112159,527033.21,376565.35,130387.32,20080.48,56079.5,112159.0
2023-02-28,Plastic Containers,Latin America,Retail,54928,260254.09,182111.15,62488.57,15654.35,27464.0,54928.0
2023-02-28,Plastic Containers,Latin America,Wholesale,310542,1467208.14,1020778.81,365238.49,81190.76,155271.0,310542.0
2023-02-28,Plastic Containers,North America,E-commerce,31064,171613.28,101674.06,35979.04,33960.04,15532.0,31064.0
2023-02-28,Plastic Containers,North America,Food & Beverage,228963,1267366.22,747804.85,260499.61,259061.75,114481.5,228963.0
2023-02-28,Plastic Containers,North America,Pharmaceutical,119405,664737.98,389915.39,136355.28,138467.29,59702.5,119405.0
2023-02-28,Plastic Containers,North America,Retail,64028,355781.08,214295.89,72418.23,69067.01,32014.0,64028.0
2023-02-28,Plastic Containers,North America,Wholesale,222378,1226054.61,749770.65,264622.88,211661.08,111189.0,222378.0
2023-03-31,Aluminum Cans,Asia Pacific,E-commerce,28558,194380.95,110471.17,38817.11,45092.59,11423.2,14279.0
2023-03-31,Aluminum Cans,Asia Pacific,Food & Beverage,171419,1165680.37,662072.2,229118.22,274489.99,68567.6,85709.5
2023-03-31,Aluminum Cans,Asia Pacific,Pharmaceutical,146690,991241.43,569679.58,197554.77,224007.09,58676.0,73345.0
2023-03-31,Aluminum Cans,Asia Pacific,Retail,53900,368256.55,205580.41,71298.76,91377.38,21560.0,26950.0
2023-03-31,Aluminum Cans,Asia Pacific,Wholesale,360337,2463242.29,1405894.45,491587.94,565759.93,144134.80000000002,180168.5
2023-03-31,Aluminum Cans,Europe,E-commerce,34849,283960.77,132135.62,46271.91,105553.2,13939.6,17424.5
2023-03-31,Aluminum Cans,Europe,Food & Beverage,197532,1607562.01,771761.29,267193.66,568607.1,79012.8,98766.0
2023-03-31,Aluminum Cans,Europe,Pharmaceutical,92930,754990.59,357137.69,127607.72,270245.18,37172.0,46465.0
2023-03-31,Aluminum Cans,Europe,Retail,61895,506234.13,232090.93,82566.53,191576.69,24758.0,30947.5
2023-03-31,Aluminum Cans,Europe,Wholesale,348946,2850327.25,1342252.2,471906.8,1036168.25,139578.4,174473.0
2023-03-31,Aluminum Cans,Latin America,E-commerce,34389,218562.22,134622.3,46221.33,37718.55,13755.6,17194.5
2023-03-31,Aluminum Cans,Latin America,Food & Beverage,199226,1274524.3,776178.26,267253.56,231092.49,79690.40000000001,99613.0
2023-03-31,Aluminum Cans,Latin America,Pharmaceutical,117676,755768.43,457037.63,162646.51,136084.4,47070.4,58838.0
2023-03-31,Aluminum Cans,Latin America,Retail,54101,344825.12,210276.47,73609.81999999999,60938.79,21640.4,27050.5
2023-03-31,Aluminum Cans,Latin America,Wholesale,355935,2286380.81,1406215.68,492172.13,387993.01,142374.0,177967.5
2023-03-31,Aluminum Cans,North America,E-commerce,29040,215888.8,112518.06,38778.61,64592.13,11616.0,14520.0
2023-03-31,Aluminum Cans,North America,Food & Beverage,144619,1077074.04,561830.5599999999,201686.65,313556.82,57847.600000000006,72309.5
2023-03-31,Aluminum Cans,North America,Pharmaceutical,136603,1021789.48,529078.32,186687.64,306023.46,54641.200000000004,68301.5
2023-03-31,Aluminum Cans,North America,Retail,60572,453678.41000000003,230331.95,78860.24,144486.21,24228.8,30286.0
2023-03-31,Aluminum Cans,North America,Wholesale,337507,2515086.04,1296406.85,455333.98,763345.21,135002.80000000002,168753.5
2023-03-31,Biodegradable Packaging,Asia Pacific,E-commerce,30396,238250.96,148180.19,50463.41,39607.340000000004,6079.200000000001,18237.6
2023-03-31,Biodegradable Packaging,Asia Pacific,Food & Beverage,253274,1982648.57,1232999.34,418492.5,331156.75,50654.8,151964.4
2023-03-31,Biodegradable Packaging,Asia Pacific,Pharmaceutical,123833,967739.03,615321.45,215999.27,136418.29,24766.600000000002,74299.8
2023-03-31,Biodegradable Packaging,Asia Pacific,Retail,67126,528648.8,330407.45,118735.99,79505.22,13425.2,40275.6
2023-03-31,Biodegradable Packaging,Asia Pacific,Wholesale,379565,2980199.24,1876504.18,658134.77,445560.31,75913.0,227739.0
2023-03-31,Biodegradable Packaging,Europe,E-commerce,35532,335518.17,175521.33,60977.64,99019.2,7106.400000000001,21319.2
2023-03-31,Biodegradable Packaging,Europe,Food & Beverage,193500,1825355.13,953787.68,334085.57,537481.89,38700.0,116100.0
2023-03-31,Biodegradable Packaging,Europe,Pharmaceutical,129796,1224970.94,649163.78,223878.03,351929.13,25959.2,77877.59999999999
2023-03-31,Biodegradable Packaging,Europe,Retail,70536,666742.85,349939.64,122159.0,194644.15,14107.2,42321.6
2023-03-31,Biodegradable Packaging,Europe,Wholesale,349602,3295937.09,1752565.48,628057.53,915314.03,69920.40000000001,209761.19999999998
2023-03-31,Biodegradable Packaging,Latin America,E-commerce,24646,180329.37,121905.38,40713.51,17710.52,4929.200000000001,14787.599999999999
2023-03-31,Biodegradable Packaging,Latin America,Food & Beverage,154059,1131426.21,772232.57,275746.38,83447.31999999999,30811.800000000003,92435.4
2023-03-31,Biodegradable Packaging,Latin America,Pharmaceutical,114922,851051.31,562546.85,199268.22,89236.25,22984.4,68953.2
2023-03-31,Biodegradable Packaging,Latin America,Retail,51701,382212.75,256763.27,95464.43,29985.06,10340.2,31020.6
2023-03-31,Biodegradable Packaging,Latin America,Wholesale,297270,2195519.31,1480227.95,516623.67,198667.69,59454.0,178362.0
2023-03-31,Biodegradable Packaging,North America,E-commerce,34844,298573.31,174894.05,60313.06,63366.24,6968.8,20906.399999999998
2023-03-31,Biodegradable Packaging,North America,Food & Beverage,193658,1673018.83,978610.09,337497.55,356911.29,38731.6,116194.8
2023-03-31,Biodegradable Packaging,North America,Pharmaceutical,167226,1431240.35,813018.91,286847.05,331374.51,33445.200000000004,100335.59999999999
2023-03-31,Biodegradable Packaging,North America,Retail,67804,585372.41,336136.06,117956.81,131279.51,13560.800000000001,40682.4
2023-03-31,Biodegradable Packaging,North America,Wholesale,291908,2518528.92,1434271.09,487370.72,596887.09,58381.600000000006,175144.8
2023-03-31,Glass Bottles,Asia Pacific,E-commerce,31477,261937.67,141474.16,49942.18,70521.33,37772.4,47215.5
2023-03-31,Glass Bottles,Asia Pacific,Food & Beverage,209228,1749785.59,912321.22,313702.88,523761.47000000003,251073.59999999998,313842.0
2023-03-31,Glass Bottles,Asia Pacific,Pharmaceutical,158790,1328324.21,696846.41,251738.69,379739.13,190548.0,238185.0
2023-03-31,Glass Bottles,Asia Pacific,Retail,61883,514796.2,276539.88,98692.14,139564.17,74259.59999999999,92824.5
2023-03-31,Glass Bottles,Asia Pacific,Wholesale,369694,3092774.82,1633533.17,551623.82,907617.9,443632.8,554541.0
2023-03-31,Glass Bottles,Europe,E-commerce,30771,310214.09,137999.6,49166.95,123047.54,36925.2,46156.5
2023-03-31,Glass Bottles,Europe,Food & Beverage,251098,2516238.7,1113392.49,391542.12,1011304.03,301317.6,376647.0
2023-03-31,Glass Bottles,Europe,Pharmaceutical,112744,1139212.81,480773.33999999997,159327.68,499111.83999999997,135292.8,169116.0
2023-03-31,Glass Bottles,Europe,Retail,64183,648780.78,285857.65,100952.52,261970.56,77019.59999999999,96274.5
2023-03-31,Glass Bottles,Europe,Wholesale,270817,2723603.61,1207298.34,432671.67,1083633.56,324980.39999999997,406225.5
2023-03-31,Glass Bottles,Latin America,E-commerce,18966,149762.81,83749.83,30148.05,35864.93,22759.2,28449.0
2023-03-31,Glass Bottles,Latin America,Food & Beverage,170021,1341778.85,759566.5499999999,266517.31,315694.97000000003,204025.19999999998,255031.5
2023-03-31,Glass Bottles,Latin America,Pharmaceutical,118850,934309.93,524579.14,177074.53,232656.27,142620.0,178275.0
2023-03-31,Glass Bottles,Latin America,Retail,59449,465460.78,268844.45,96714.34,99902.0,71338.8,89173.5
2023-03-31,Glass Bottles,Latin America,Wholesale,295172,2322574.38,1288411.27,447882.72000000003,586280.4,354206.39999999997,442758.0
2023-03-31,Glass Bottles,North America,E-commerce,28943,265680.22000000003,126236.81,43813.11,95630.18,34731.6,43414.5
2023-03-31,Glass Bottles,North America,Food & Beverage,187607,1718460.35,829116.59,287537.69,601806.04,225128.4,281410.5
2023-03-31,Glass Bottles,North America,Pharmaceutical,125928,1160520.59,549784.41,193713.99,417022.25,151113.6,188892.0
2023-03-31,Glass Bottles,North America,Retail,57844,529137.18,254543.03,92806.98,181787.17,69412.8,86766.0
2023-03-31,Glass Bottles,North America,Wholesale,362459,3320103.2,1596857.96,556266.98,1166978.19,434950.8,543688.5
2023-03-31,Paper Packaging,Asia Pacific,E-commerce,30167,141612.17,82722.67,27862.13,31027.35,9050.1,24133.600000000002
2023-03-31,Paper Packaging,Asia Pacific,Food & Beverage,182747,862198.8,482420.9,165548.56,214229.31,54824.1,146197.6
2023-03-31,Paper Packaging,Asia Pacific,Pharmaceutical,94303,443364.89999999997,257413.06,90585.22,95366.63,28290.899999999998,75442.40000000001
2023-03-31,Paper Packaging,Asia Pacific,Retail,65276,307741.38,181456.54,64086.95,62197.94,19582.8,52220.8
2023-03-31,Paper Packaging,Asia Pacific,Wholesale,328376,1540291.4,923569.76,311894.42,304827.16000000003,98512.8,262700.8
2023-03-31,Paper Packaging,Europe,E-commerce,32237,184432.86,88626.11,30952.91,64853.85,9671.1,25789.600000000002
2023-03-31,Paper Packaging,Europe,Food & Beverage,167292,955352.08,455872.4,169080.06,330399.54,50187.6,133833.6
2023-03-31,Paper Packaging,Europe,Pharmaceutical,116359,660440.17,315426.13,110673.86,234340.17,34907.7,93087.2
2023-03-31,Paper Packaging,Europe,Retail,52736,299951.81,147079.64,54733.96,98138.15,15820.8,42188.8
2023-03-31,Paper Packaging,Europe,Wholesale,368535,2085483.88,1016979.8,359355.73,709148.39,110560.5,294828.0
2023-03-31,Paper Packaging,Latin America,E-commerce,20762,92075.4,57084.65,20353.58,14637.15,6228.599999999999,16609.600000000002
2023-03-31,Paper Packaging,Latin America,Food & Beverage,158801,703222.57,441427.49,148519.34,113275.84,47640.299999999996,127040.8
2023-03-31,Paper Packaging,Latin America,Pharmaceutical,125447,555119.9,340644.43,118153.38,96322.1,37634.1,100357.6
2023-03-31,Paper Packaging,Latin America,Retail,64909,286912.16,174840.3,60144.56,51927.340000000004,19472.7,51927.200000000004
2023-03-31,Paper Packaging,Latin America,Wholesale,327499,1451463.99,896067.99,324110.76,231285.22,98249.7,261999.2
2023-03-31,Paper Packaging,North America,E-commerce,26393,135920.32,73438.54,25100.04,37381.76,7917.9,21114.4
2023-03-31,Paper Packaging,North America,Food & Beverage,188606,971636.42,517794.42,181471.96,272370.07,56581.799999999996,150884.80000000002
2023-03-31,Paper Packaging,North America,Pharmaceutical,108052,559341.43,290771.66,103433.36,165136.38,32415.6,86441.6
2023-03-31,Paper Packaging,North America,Retail,64468,333566.94,178386.41,63622.35,91558.21,19340.399999999998,51574.4
2023-03-31,Paper Packaging,North America,Wholesale,248474,1280101.91,683781.53,238239.71000000002,358080.56,74542.2,198779.2
2023-03-31,Plastic Containers,Asia Pacific,E-commerce,28842,150091.59,95827.14,33064.62,21199.88,14421.0,28842.0
2023-03-31,Plastic Containers,Asia Pacific,Food & Beverage,206095,1074928.29,688084.3099999999,235609.69,151234.23,103047.5,206095.0
2023-03-31,Plastic Containers,Asia Pacific,Pharmaceutical,117501,612815.36,386616.31,133479.43,92719.75,58750.5,117501.0
2023-03-31,Plastic Containers,Asia Pacific,Retail,58951,311816.35,191027.8,68702.17,52086.36,29475.5,58951.0
2023-03-31,Plastic Containers,Asia Pacific,Wholesale,319654,1664383.3,1057784.23,364063.75,242535.32,159827.0,319654.0
2023-03-31,Plastic Containers,Europe,E-commerce,34919,220184.46,116194.96,38413.89,65575.58,17459.5,34919.0
2023-03-31,Plastic Containers,Europe,Food & Beverage,207393,1302053.16,698248.44,249338.1,354466.58,103696.5,207393.0
2023-03-31,Plastic Containers,Europe,Pharmaceutical,108808,685194.21,354716.41,124227.67,206250.12,54404.0,108808.0
2023-03-31,Plastic Containers,Europe,Retail,67522,427643.43,219392.3,75612.3,132638.83,33761.0,67522.0
2023-03-31,Plastic Containers,Europe,Wholesale,271478,1713033.92,892749.98,324491.62,495792.33999999997,135739.0,271478.0
2023-03-31,Plastic Containers,Latin America,E-commerce,36467,178901.05,118459.3,39258.53,21183.21,18233.5,36467.0
2023-03-31,Plastic Containers,Latin America,Food & Beverage,182951,900363.03,606726.13,215910.13,77726.76,91475.5,182951.0
2023-03-31,Plastic Containers,Latin America,Pharmaceutical,112979,556547.8,371505.83,123240.98,61801.03,56489.5,112979.0
2023-03-31,Plastic Containers,Latin America,Retail,61504,304132.09,205225.8,72439.1,26467.22,30752.0,61504.0
2023-03-31,Plastic Containers,Latin America,Wholesale,291510,1434858.8900000001,952948.92,317837.73,164072.21,145755.0,291510.0
2023-03-31,Plastic Containers,North America,E-commerce,34878,200706.48,114981.74,40122.25,45602.53,17439.0,34878.0
2023-03-31,Plastic Containers,North America,Food & Beverage,178775,1033331.33,596468.79,215068.38,221794.15,89387.5,178775.0
2023-03-31,Plastic Containers,North America,Pharmaceutical,150299,860889.79,501049.46,178397.77,181442.67,75149.5,150299.0
2023-03-31,Plastic Containers,North America,Retail,69349,396867.43,224006.69,79232.97,93627.73,34674.5,69349.0
2023-03-31,Plastic Containers,North America,Wholesale,245991,1404186.34,797099.65,275505.57,331581.12,122995.5,245991.0
2023-04-30,Aluminum Cans,Asia Pacific,E-commerce,28193,192812.75,107471.35,39076.99,46264.4,11277.2,14096.5
2023-04-30,Aluminum Cans,Asia Pacific,Food & Beverage,197168,1348308.77,778144.66,275514.39,294649.69,78867.2,98584.0
2023-04-30,Aluminum Cans,Asia Pacific,Pharmaceutical,118927,811286.73,454843.01,155484.72,200958.95,47570.8,59463.5
2023-04-30,Aluminum Cans,Asia Pacific,Retail,60265,415236.82,230686.17,80091.72,104458.92,24106.0,30132.5
2023-04-30,Aluminum Cans,Asia Pacific,Wholesale,274084,1869958.22,1060324.68,364967.1,444666.37,109633.6,137042.0
2023-04-30,Aluminum Cans,Europe,E-commerce,32252,263876.95,124477.15,42977.62,96422.18,12900.800000000001,16126.0
2023-04-30,Aluminum Cans,Europe,Food & Beverage,128624,1057077.75,488638.84,180658.84,387780.01,51449.600000000006,64312.0
2023-04-30,Aluminum Cans,Europe,Pharmaceutical,143940,1184700.16,552681.16,194132.81,437886.35,57576.0,71970.0
2023-04-30,Aluminum Cans,Europe,Retail,66513,546461.02,259644.38,90592.99,196223.66999999998,26605.2,33256.5
2023-04-30,Aluminum Cans,Europe,Wholesale,235782,1941501.25,903936.55,318004.37,719560.34,94312.8,117891.0
2023-04-30,Aluminum Cans,Latin America,E-commerce,26806,172231.42,100700.08,35151.47,36379.84,10722.400000000001,13403.0
2023-04-30,Aluminum Cans,Latin America,Food & Beverage,154323,990320.84,615874.13,215884.01,158562.62,61729.200000000004,77161.5
2023-04-30,Aluminum Cans,Latin America,Pharmaceutical,106666,689634.02,417151.58,151314.58,121167.86,42666.4,53333.0
2023-04-30,Aluminum Cans,Latin America,Retail,59739,384118.27,231837.73,79671.33,72609.22,23895.600000000002,29869.5
2023-04-30,Aluminum Cans,Latin America,Wholesale,293017,1883004.32,1144090.02,396213.8,342700.55,117206.8,146508.5
2023-04-30,Aluminum Cans,North America,E-commerce,29168,218206.82,111024.97,38363.62,68818.25,11667.2,14584.0
2023-04-30,Aluminum Cans,North America,Food & Beverage,175944,1317563.75,667659.1,234616.91,415287.74,70377.6,87972.0
2023-04-30,Aluminum Cans,North America,Pharmaceutical,125108,936375.06,486585.7,173253.43,276535.91,50043.200000000004,62554.0
2023-04-30,Aluminum Cans,North America,Retail,61707,462449.7,236043.16999999998,83510.23,142896.27,24682.8,30853.5
2023-04-30,Aluminum Cans,North America,Wholesale,280991,2126042.61,1056717.65,385281.37,684043.6,112396.40000000001,140495.5
2023-04-30,Biodegradable Packaging,Asia Pacific,E-commerce,26738,210643.51,132001.18,43356.71,35285.66,5347.6,16042.8
2023-04-30,Biodegradable Packaging,Asia Pacific,Food & Beverage,205074,1608820.98,992976.54,356721.51,259122.94,41014.8,123044.4
2023-04-30,Biodegradable Packaging,Asia Pacific,Pharmaceutical,141046,1106444.76,705688.39,240076.76,160679.6,28209.2,84627.59999999999
2023-04-30,Biodegradable Packaging,Asia Pacific,Retail,60672,480423.35,298901.89,105882.76,75638.73,12134.4,36403.2
2023-04-30,Biodegradable Packaging,Asia Pacific,Wholesale,296021,2335193.65,1464123.56,511252.2,359817.86,59204.200000000004,177612.6
2023-04-30,Biodegradable Packaging,Europe,E-commerce,30972,293214.28,152252.94,53623.38,87337.92,6194.400000000001,18583.2
2023-04-30,Biodegradable Packaging,Europe,Food & Beverage,160605,1527650.66,797477.2,274590.9,455582.6,32121.0,96363.0
2023-04-30,Biodegradable Packaging,Europe,Pharmaceutical,126334,1200476.82,629549.3,223969.69,346957.82,25266.800000000003,75800.4
2023-04-30,Biodegradable Packaging,Europe,Retail,46885,444737.24,235186.72,83906.86,125643.59,9377.0,28131.0
2023-04-30,Biodegradable Packaging,Europe,Wholesale,337547,3203027.57,1691011.34,586256.58,925759.7,67509.40000000001,202528.19999999998
2023-04-30,Biodegradable Packaging,Latin America,E-commerce,30882,229804.9,154859.07,52866.4,22079.45,6176.400000000001,18529.2
2023-04-30,Biodegradable Packaging,Latin America,Food & Beverage,156557,1163447.11,789767.48,257174.05,116505.57,31311.4,93934.2
2023-04-30,Biodegradable Packaging,Latin America,Pharmaceutical,107979,802243.1,536922.9299999999,186283.97,79036.18000000001,21595.800000000003,64787.399999999994
2023-04-30,Biodegradable Packaging,Latin America,Retail,47056,347801.47,233420.8,80174.67,34206.03,9411.2,28233.6
2023-04-30,Biodegradable Packaging,Latin America,Wholesale,337063,2499862.35,1654907.29,585649.14,259306.01,67412.6,202237.8
2023-04-30,Biodegradable Packaging,North America,E-commerce,27396,238948.12,133790.79,44758.34,60398.98,5479.2,16437.6
2023-04-30,Biodegradable Packaging,North America,Food & Beverage,200527,1730256.83,995487.34,354335.55,380433.96,40105.4,120316.2
2023-04-30,Biodegradable Packaging,North America,Pharmaceutical,123343,1072484.03,602373.82,218013.86000000002,252096.37,24668.600000000002,74005.8
2023-04-30,Biodegradable Packaging,North America,Retail,53392,462654.2,265555.64,94910.16,102188.36,10678.4,32035.199999999997
2023-04-30,Biodegradable Packaging,North America,Wholesale,336080,2875595.15,1640765.2,583929.69,650900.23,67216.0,201648.0
2023-04-30,Glass Bottles,Asia Pacific,E-commerce,38132,320869.52,168408.55,56511.87,95949.06,45758.4,57198.0
2023-04-30,Glass Bottles,Asia Pacific,Food & Beverage,162588,1376661.74,697976.92,244877.76,433807.03,195105.59999999998,243882.0
2023-04-30,Glass Bottles,Asia Pacific,Pharmaceutical,87762,745564.05,389554.02,140390.9,215619.11000000002,105314.4,131643.0
2023-04-30,Glass Bottles,Asia Pacific,Retail,72044,609445.08,321121.17,110290.06999999999,178033.82,86452.8,108066.0
2023-04-30,Glass Bottles,Asia Pacific,Wholesale,331589,2803044.03,1467103.89,485372.03,850568.1,397906.8,497383.5
2023-04-30,Glass Bottles,Europe,E-commerce,27525,278016.44,119661.97,42982.04,115372.36,33030.0,41287.5
2023-04-30,Glass Bottles,Europe,Food & Beverage,231670,2342814.2,1034702.27,369552.18,938559.75,278004.0,347505.0
2023-04-30,Glass Bottles,Europe,Pharmaceutical,106368,1071728.49,473706.67,167892.52,430129.3,127641.59999999999,159552.0
2023-04-30,Glass Bottles,Europe,Retail,51998,521862.26,231244.27,80290.22,210327.77,62397.6,77997.0
2023-04-30,Glass Bottles,Europe,Wholesale,310650,3125188.84,1360029.26,492753.95,1272405.69,372780.0,465975.0
2023-04-30,Glass Bottles,Latin America,E-commerce,27158,213511.71,117810.42,41955.479999999996,53745.84,32589.6,40737.0
2023-04-30,Glass Bottles,Latin America,Food & Beverage,196125,1562600.76,874104.27,302115.26,386381.27,235350.0,294187.5
2023-04-30,Glass Bottles,Latin America,Pharmaceutical,152646,1201189.67,678838.96,237468.51,284882.24,183175.19999999998,228969.0
2023-04-30,Glass Bottles,Latin America,Retail,68927,547764.65,299606.39,101552.14,146606.17,82712.4,103390.5
2023-04-30,Glass Bottles,Latin America,Wholesale,268055,2123559.1,1201641.02,434719.75,487198.3,321666.0,402082.5
2023-04-30,Glass Bottles,North America,E-commerce,33356,307531.7,144435.8,50072.29,113023.64,40027.2,50034.0
2023-04-30,Glass Bottles,North America,Food & Beverage,188486,1731370.95,828096.26,279782.99,623491.7,226183.19999999998,282729.0
2023-04-30,Glass Bottles,North America,Pharmaceutical,123336,1139748.41,541582.73,187140.19,411025.49,148003.19999999998,185004.0
2023-04-30,Glass Bottles,North America,Retail,51931,478600.05,229196.73,80571.81999999999,168831.52,62317.2,77896.5
2023-04-30,Glass Bottles,North America,Wholesale,297947,2727373.75,1277410.6199999999,451720.16,998243.02,357536.39999999997,446920.5
2023-04-30,Paper Packaging,Asia Pacific,E-commerce,36514,172399.11000000002,101379.9,35140.31,35878.92,10954.199999999999,29211.2
2023-04-30,Paper Packaging,Asia Pacific,Food & Beverage,176851,835063.41,491269.39,169144.82,174649.23,53055.299999999996,141480.80000000002
2023-04-30,Paper Packaging,Asia Pacific,Pharmaceutical,113821,540151.67,311116.58,109238.11,119797.03,34146.299999999996,91056.8
2023-04-30,Paper Packaging,Asia Pacific,Retail,57889,275736.08,157537.88,54504.95,63693.17,17366.7,46311.200000000004
2023-04-30,Paper Packaging,Asia Pacific,Wholesale,236844,1117088.64,657534.47,220156.11000000002,239398.05,71053.2,189475.2
2023-04-30,Paper Packaging,Europe,E-commerce,30338,172483.3,81979.56,28679.99,61823.68,9101.4,24270.4
2023-04-30,Paper Packaging,Europe,Food & Beverage,192316,1096143.48,516796.22000000003,174587.96,404759.34,57694.799999999996,153852.80000000002
2023-04-30,Paper Packaging,Europe,Pharmaceutical,124616,708353.56,346868.81,122825.41,238659.25,37384.799999999996,99692.8
2023-04-30,Paper Packaging,Europe,Retail,58181,331525.8,158318.16,55615.61,117592.1,17454.3,46544.8
2023-04-30,Paper Packaging,Europe,Wholesale,355040,2008471.58,997079.27,365892.3,645499.98,106512.0,284032.0
2023-04-30,Paper Packaging,Latin America,E-commerce,29068,130227.48,79147.02,27695.95,23384.57,8720.4,23254.4
2023-04-30,Paper Packaging,Latin America,Food & Beverage,184214,822785.23,503818.78,178669.33,140297.02,55264.2,147371.2
2023-04-30,Paper Packaging,Latin America,Pharmaceutical,125489,559360.4,341956.74,121579.77,95823.9,37646.7,100391.20000000001
2023-04-30,Paper Packaging,Latin America,Retail,57813,257519.07,161901.36,55937.01,39680.73,17343.899999999998,46250.4
2023-04-30,Paper Packaging,Latin America,Wholesale,281968,1258583.26,774045.84,262032.87,222504.56,84590.4,225574.40000000002
2023-04-30,Paper Packaging,North America,E-commerce,37164,192663.23,103831.66,37414.31,51417.28,11149.199999999999,29731.2
2023-04-30,Paper Packaging,North America,Food & Beverage,175853,914245.34,478630.92,169599.82,266014.66,52755.899999999994,140682.4
2023-04-30,Paper Packaging,North America,Pharmaceutical,96540,501356.57,268760.51,94182.06,138413.97,28962.0,77232.0
2023-04-30,Paper Packaging,North America,Retail,64204,334283.36,179799.05,64179.840000000004,90304.5,19261.2,51363.200000000004
2023-04-30,Paper Packaging,North America,Wholesale,272722,1402839.88,750394.79,265081.37,387363.76,81816.59999999999,218177.6
2023-04-30,Plastic Containers,Asia Pacific,E-commerce,30955,162115.41999999998,102709.35,37343.99,22062.11,15477.5,30955.0
2023-04-30,Plastic Containers,Asia Pacific,Food & Beverage,165168,868921.67,545660.49,192043.16,131217.99,82584.0,165168.0
2023-04-30,Plastic Containers,Asia Pacific,Pharmaceutical,111251,587845.85,363198.97,127024.87,97622.02,55625.5,111251.0
2023-04-30,Plastic Containers,Asia Pacific,Retail,65453,344574.69,213174.73,74323.55,57076.42,32726.5,65453.0
2023-04-30,Plastic Containers,Asia Pacific,Wholesale,268836,1414060.99,887801.62,311879.88,214379.41,134418.0,268836.0
2023-04-30,Plastic Containers,Europe,E-commerce,21927,138426.17,70863.02,25515.14,42048.01,10963.5,21927.0
2023-04-30,Plastic Containers,Europe,Food & Beverage,174972,1108183.66,586380.9400000001,208972.01,312830.78,87486.0,174972.0
2023-04-30,Plastic Containers,Europe,Pharmaceutical,130337,825184.36,424584.37,150650.99,249949.0,65168.5,130337.0
2023-04-30,Plastic Containers,Europe,Retail,46722,297257.93,158383.53,56354.73,82519.6,23361.0,46722.0
2023-04-30,Plastic Containers,Europe,Wholesale,333314,2093401.24,1101601.71,379697.75,612101.72,166657.0,333314.0
2023-04-30,Plastic Containers,Latin America,E-commerce,33327,165236.86,110876.87,38117.8,16242.14,16663.5,33327.0
2023-04-30,Plastic Containers,Latin America,Food & Beverage,210148,1033537.72,704818.9,243856.84,84861.99,105074.0,210148.0
2023-04-30,Plastic Containers,Latin America,Pharmaceutical,145364,718837.41,485426.46,166033.92,67376.97,72682.0,145364.0
2023-04-30,Plastic Containers,Latin America,Retail,65493,324260.72000000003,218604.77,77627.39,28028.51,32746.5,65493.0
2023-04-30,Plastic Containers,Latin America,Wholesale,239490,1179573.45,812498.15,288530.61,78544.76,119745.0,239490.0
2023-04-30,Plastic Containers,North America,E-commerce,27269,155598.92,91253.24,31757.04,32588.64,13634.5,27269.0
2023-04-30,Plastic Containers,North America,Food & Beverage,206174,1190071.54,684804.59,241779.28,263487.68,103087.0,206174.0
2023-04-30,Plastic Containers,North America,Pharmaceutical,106818,613460.46,353532.9,118406.69,141520.88999999998,53409.0,106818.0
2023-04-30,Plastic Containers,North America,Retail,51102,292664.39,169824.02,58956.97,63883.39,25551.0,51102.0
2023-04-30,Plastic Containers,North America,Wholesale,332557,1917352.88,1115935.85,396138.98,405278.0,166278.5,332557.0
2023-05-31,Aluminum Cans,Asia Pacific,E-commerce,31010,205263.09,117883.91,40206.68,47172.46,12404.0,15505.0
2023-05-31,Aluminum Cans,Asia Pacific,Food & Beverage,166932,1115048.66,646519.54,225064.89,243464.26,66772.8,83466.0
2023-05-31,Aluminum Cans,Asia Pacific,Pharmaceutical,113284,754696.0,426124.88,143043.26,185527.85,45313.6,56642.0
2023-05-31,Aluminum Cans,Asia Pacific,Retail,60282,404380.4,234713.29,84145.24,85521.89,24112.800000000003,30141.0
2023-05-31,Aluminum Cans,Asia Pacific,Wholesale,369494,2470180.66,1409534.68,504164.79,556481.21,147797.6,184747.0
2023-05-31,Aluminum Cans,Europe,E-commerce,38636,306578.13,149722.2,50605.41,106250.49,15454.400000000001,19318.0
2023-05-31,Aluminum Cans,Europe,Food & Beverage,181617,1441142.1,686398.2,238808.25,515935.76,72646.8,90808.5
2023-05-31,Aluminum Cans,Europe,Pharmaceutical,127208,1007048.59,481911.49,167709.8,357427.26,50883.200000000004,63604.0
2023-05-31,Aluminum Cans,Europe,Retail,61462,488514.72,233657.86,83441.01,171415.84,24584.8,30731.0
2023-05-31,Aluminum Cans,Europe,Wholesale,269488,2129891.08,1022869.48,346069.46,760952.13,107795.20000000001,134744.0
2023-05-31,Aluminum Cans,Latin America,E-commerce,34613,214692.2,131923.97,45565.06,37203.22,13845.2,17306.5
2023-05-31,Aluminum Cans,Latin America,Food & Beverage,197466,1232930.55,760539.66,258992.83,213398.07,78986.40000000001,98733.0
2023-05-31,Aluminum Cans,Latin America,Pharmaceutical,114804,720301.46,436100.99,155163.3,129037.15,45921.600000000006,57402.0
2023-05-31,Aluminum Cans,Latin America,Retail,68042,422418.6,261844.1,92855.3,67719.15,27216.800000000003,34021.0
2023-05-31,Aluminum Cans,Latin America,Wholesale,341388,2143155.39,1310856.02,454809.43,377489.91000000003,136555.2,170694.0
2023-05-31,Aluminum Cans,North America,E-commerce,30532,222043.98,116725.1,40618.14,64700.72,12212.800000000001,15266.0
2023-05-31,Aluminum Cans,North America,Food & Beverage,214245,1559126.86,831330.56,289418.22000000003,438378.11,85698.0,107122.5
2023-05-31,Aluminum Cans,North America,Pharmaceutical,126900,922342.29,484662.77,165171.68,272507.85,50760.0,63450.0
2023-05-31,Aluminum Cans,North America,Retail,68898,498370.77999999997,265366.39,93382.04,139622.34,27559.2,34449.0
2023-05-31,Aluminum Cans,North America,Wholesale,379414,2759357.54,1470559.89,532426.97,756370.71,151765.6,189707.0
2023-05-31,Biodegradable Packaging,Asia Pacific,E-commerce,36520,282386.47000000003,184444.44,64522.95,33419.07,7304.0,21912.0
2023-05-31,Biodegradable Packaging,Asia Pacific,Food & Beverage,194341,1501161.49,953011.4,332708.52999999997,215441.6,38868.200000000004,116604.59999999999
2023-05-31,Biodegradable Packaging,Asia Pacific,Pharmaceutical,116204,895603.83,580585.81,199521.45,115496.54000000001,23240.800000000003,69722.4
2023-05-31,Biodegradable Packaging,Asia Pacific,Retail,50929,393574.14,257342.02,90333.03,45899.12,10185.800000000001,30557.399999999998
2023-05-31,Biodegradable Packaging,Asia Pacific,Wholesale,344030,2644610.64,1743037.94,588315.28,313257.38,68806.0,206418.0
2023-05-31,Biodegradable Packaging,Europe,E-commerce,31013,285255.01,153774.4,53995.66,77484.97,6202.6,18607.8
2023-05-31,Biodegradable Packaging,Europe,Food & Beverage,161633,1474524.81,797857.0599999999,287441.13,389226.58,32326.600000000002,96979.8
2023-05-31,Biodegradable Packaging,Europe,Pharmaceutical,151255,1393859.48,758554.89,268514.56,366790.07,30251.0,90753.0
2023-05-31,Biodegradable Packaging,Europe,Retail,54846,503255.54,273570.34,93644.36,136040.93,10969.2,32907.6
2023-05-31,Biodegradable Packaging,Europe,Wholesale,295716,2706500.82,1483033.89,499267.0,724199.92,59143.200000000004,177429.6
2023-05-31,Biodegradable Packaging,Latin America,E-commerce,31858,228288.59,158477.69,55145.5,14665.4,6371.6,19114.8
2023-05-31,Biodegradable Packaging,Latin America,Food & Beverage,211766,1542899.64,1030082.12,355234.39,157583.21,42353.200000000004,127059.59999999999
2023-05-31,Biodegradable Packaging,Latin America,Pharmaceutical,123011,894521.21,612043.95,219769.56,62707.68,24602.2,73806.59999999999
2023-05-31,Biodegradable Packaging,Latin America,Retail,60657,437959.41000000003,305827.02,110085.55,22046.76,12131.400000000001,36394.2
2023-05-31,Biodegradable Packaging,Latin America,Wholesale,216050,1554612.95,1079846.61,374307.35,100458.96,43210.0,129630.0
2023-05-31,Biodegradable Packaging,North America,E-commerce,30325,253921.1,149551.83,54082.6,50286.7,6065.0,18195.0
2023-05-31,Biodegradable Packaging,North America,Food & Beverage,207429,1742348.78,1049261.76,364716.08,328370.92,41485.8,124457.4
2023-05-31,Biodegradable Packaging,North America,Pharmaceutical,129353,1083118.67,651674.44,223284.44,208159.81,25870.600000000002,77611.8
2023-05-31,Biodegradable Packaging,North America,Retail,58161,484947.56,292245.65,101614.18000000001,91087.72,11632.2,34896.6
2023-05-31,Biodegradable Packaging,North America,Wholesale,302304,2531073.63,1447704.11,523404.05,559965.51,60460.8,181382.4
2023-05-31,Glass Bottles,Asia Pacific,E-commerce,29475,241561.3,130762.64,44966.33,65832.3,35370.0,44212.5
2023-05-31,Glass Bottles,Asia Pacific,Food & Beverage,156503,1285964.74,688092.35,230477.05,367395.43,187803.59999999998,234754.5
2023-05-31,Glass Bottles,Asia Pacific,Pharmaceutical,104614,856160.55,464072.71,156830.52,235257.25,125536.8,156921.0
2023-05-31,Glass Bottles,Asia Pacific,Retail,60484,496981.12,268703.37,95289.06,132988.69,72580.8,90726.0
2023-05-31,Glass Bottles,Asia Pacific,Wholesale,272964,2257786.21,1201693.04,414462.85,641630.34,327556.8,409446.0
2023-05-31,Glass Bottles,Europe,E-commerce,29489,288482.52,133572.86,46625.61,108284.06999999999,35386.799999999996,44233.5
2023-05-31,Glass Bottles,Europe,Food & Beverage,177737,1737099.67,780581.78,274127.61,682390.26,213284.4,266605.5
2023-05-31,Glass Bottles,Europe,Pharmaceutical,144946,1415236.65,636381.65,227897.44,550957.54,173935.19999999998,217419.0
2023-05-31,Glass Bottles,Europe,Retail,67266,658630.1,292405.37,100712.02,265512.79,80719.2,100899.0
2023-05-31,Glass Bottles,Europe,Wholesale,233369,2281493.13,1038423.31,376803.12,866266.66,280042.8,350053.5
2023-05-31,Glass Bottles,Latin America,E-commerce,34794,269427.98,152381.86000000002,53127.35,63918.78,41752.799999999996,52191.0
2023-05-31,Glass Bottles,Latin America,Food & Beverage,173874,1345333.71,762543.7,264381.79,318408.19,208648.8,260811.0
2023-05-31,Glass Bottles,Latin America,Pharmaceutical,127229,974124.5,564768.07,192497.98,216858.59,152674.8,190843.5
2023-05-31,Glass Bottles,Latin America,Retail,53472,410025.6,236969.0,83896.66,89159.9,64166.399999999994,80208.0
2023-05-31,Glass Bottles,Latin America,Wholesale,284176,2191589.41,1273458.09,446737.87,471393.41,341011.2,426264.0
2023-05-31,Glass Bottles,North America,E-commerce,34656,309962.44,148852.91,53569.65,107539.83,41587.2,51984.0
2023-05-31,Glass Bottles,North America,Food & Beverage,207331,1851824.73,909456.0,321652.43,620716.36,248797.19999999998,310996.5
2023-05-31,Glass Bottles,North America,Pharmaceutical,133064,1184675.07,584567.16,208865.2,391242.71,159676.8,199596.0
2023-05-31,Glass Bottles,North America,Retail,50104,445896.42,229437.99,78478.09,137980.41,60124.799999999996,75156.0
2023-05-31,Glass Bottles,North America,Wholesale,326502,2922548.43,1446469.03,502880.35,973199.06,391802.39999999997,489753.0
2023-05-31,Paper Packaging,Asia Pacific,E-commerce,31517,144816.62,85897.44,29952.66,28966.51,9455.1,25213.600000000002
2023-05-31,Paper Packaging,Asia Pacific,Food & Beverage,195087,897150.8200000001,532800.38,189243.49,175106.96,58526.1,156069.6
2023-05-31,Paper Packaging,Asia Pacific,Pharmaceutical,126364,582021.47,339932.9,115652.11,126436.53,37909.2,101091.20000000001
2023-05-31,Paper Packaging,Asia Pacific,Retail,54981,252989.73,151522.79,52862.04,48604.96,16494.3,43984.8
2023-05-31,Paper Packaging,Asia Pacific,Wholesale,246227,1126890.39,662676.79,226967.31,237246.28,73868.09999999999,196981.6
2023-05-31,Paper Packaging,Europe,E-commerce,27018,149363.69,74610.91,25497.489999999998,49255.35,8105.4,21614.4
2023-05-31,Paper Packaging,Europe,Food & Beverage,193457,1065787.79,524838.38,182574.71,358374.64,58037.1,154765.6
2023-05-31,Paper Packaging,Europe,Pharmaceutical,102208,563948.89,279523.87,101302.04,183122.93,30662.399999999998,81766.40000000001
2023-05-31,Paper Packaging,Europe,Retail,51693,286284.6,142852.75,49110.24,94321.61,15507.9,41354.4
2023-05-31,Paper Packaging,Europe,Wholesale,329424,1823974.66,908896.22,306502.45,608576.0,98827.2,263539.2
2023-05-31,Paper Packaging,Latin America,E-commerce,26938,116380.4,73986.38,26150.489999999998,16243.47,8081.4,21550.4
2023-05-31,Paper Packaging,Latin America,Food & Beverage,183576,791331.67,517121.2,176440.59,97769.89,55072.799999999996,146860.80000000002
2023-05-31,Paper Packaging,Latin America,Pharmaceutical,104285,450349.0,287863.65,98084.08,64401.26,31285.5,83428.0
2023-05-31,Paper Packaging,Latin America,Retail,50688,218997.72,142286.74,49258.0,27452.9,15206.4,40550.4
2023-05-31,Paper Packaging,Latin America,Wholesale,282689,1222797.28,768876.62,267425.18,186495.48,84806.7,226151.2
2023-05-31,Paper Packaging,North America,E-commerce,24162,121166.73,65308.51,23874.21,31984.02,7248.599999999999,19329.600000000002
2023-05-31,Paper Packaging,North America,Food & Beverage,204389,1018243.29,566716.15,201223.46,250303.73,61316.7,163511.2
2023-05-31,Paper Packaging,North America,Pharmaceutical,114711,570731.99,319505.57,117100.48,134125.91,34413.299999999996,91768.8
2023-05-31,Paper Packaging,North America,Retail,62203,312447.31,171804.78,60342.39,80300.15,18660.899999999998,49762.4
2023-05-31,Paper Packaging,North America,Wholesale,272714,1362131.9,727143.42,258327.06,376661.4,81814.2,218171.2
2023-05-31,Plastic Containers,Asia Pacific,E-commerce,34815,179198.3,116983.06,40301.46,21913.82,17407.5,34815.0
2023-05-31,Plastic Containers,Asia Pacific,Food & Beverage,197506,1009418.9,658592.07,227702.28,123124.55,98753.0,197506.0
2023-05-31,Plastic Containers,Asia Pacific,Pharmaceutical,132308,678701.17,435890.3,159503.96,83306.85,66154.0,132308.0
2023-05-31,Plastic Containers,Asia Pacific,Retail,69265,353615.31,231098.53,83199.17,39317.73,34632.5,69265.0
2023-05-31,Plastic Containers,Asia Pacific,Wholesale,345099,1772913.43,1146473.78,405306.07,221133.63999999998,172549.5,345099.0
2023-05-31,Plastic Containers,Europe,E-commerce,34390,211846.35,111996.27,40588.92,59261.17,17195.0,34390.0
2023-05-31,Plastic Containers,Europe,Food & Beverage,178731,1089095.08,597888.49,212151.76,279054.77999999997,89365.5,178731.0
2023-05-31,Plastic Containers,Europe,Pharmaceutical,141224,873116.74,471692.44,163899.88,237524.44,70612.0,141224.0
2023-05-31,Plastic Containers,Europe,Retail,61808,376311.27,202912.08,72395.56,101003.59,30904.0,61808.0
2023-05-31,Plastic Containers,Europe,Wholesale,317235,1930771.17,1035106.82,361699.52,533964.77,158617.5,317235.0
2023-05-31,Plastic Containers,Latin America,E-commerce,28362,135992.77,92056.03,31753.46,12183.32,14181.0,28362.0
2023-05-31,Plastic Containers,Latin America,Food & Beverage,164341,790657.69,538387.5,195876.19,56393.92,82170.5,164341.0
2023-05-31,Plastic Containers,Latin America,Pharmaceutical,114126,547772.61,375738.62,126995.69,45038.29,57063.0,114126.0
2023-05-31,Plastic Containers,Latin America,Retail,48143,228127.8,157308.6,54004.88,16814.42,24071.5,48143.0
2023-05-31,Plastic Containers,Latin America,Wholesale,281377,1351846.54,927448.17,330450.82,93947.49,140688.5,281377.0
2023-05-31,Plastic Containers,North America,E-commerce,38698,217218.17,125909.49,42476.39,48832.29,19349.0,38698.0
2023-05-31,Plastic Containers,North America,Food & Beverage,242315,1367844.0,811728.86,277337.12,278778.07,121157.5,242315.0
2023-05-31,Plastic Containers,North America,Pharmaceutical,160430,894806.48,537238.52,198226.9,159341.05,80215.0,160430.0
2023-05-31,Plastic Containers,North America,Retail,67076,375530.44,218231.06,76173.9,81125.59,33538.0,67076.0
2023-05-31,Plastic Containers,North America,Wholesale,287166,1600864.87,942000.26,334198.67,324665.96,143583.0,287166.0
2023-06-30,Aluminum Cans,Asia Pacific,E-commerce,26371,166346.44,100565.31,36305.95,29475.170000000002,10548.4,13185.5
2023-06-30,Aluminum Cans,Asia Pacific,Food & Beverage,172705,1092959.1,666654.0,222847.42,203457.64,69082.0,86352.5
2023-06-30,Aluminum Cans,Asia Pacific,Pharmaceutical,108687,682535.26,412423.89,145434.05,124677.37,43474.8,54343.5
2023-06-30,Aluminum Cans,Asia Pacific,Retail,62831,393142.43,242921.33,87466.02,62755.1,25132.4,31415.5
2023-06-30,Aluminum Cans,Asia Pacific,Wholesale,305709,1940447.96,1197159.87,422295.35,320992.74,122283.6,152854.5
2023-06-30,Aluminum Cans,Europe,E-commerce,28692,215960.03,107635.12,37065.01,71259.88,11476.800000000001,14346.0
2023-06-30,Aluminum Cans,Europe,Food & Beverage,170431,1281882.98,645610.25,235628.45,400644.37,68172.40000000001,85215.5
2023-06-30,Aluminum Cans,Europe,Pharmaceutical,116631,874664.17,449969.24,158859.17,265835.77999999997,46652.4,58315.5
2023-06-30,Aluminum Cans,Europe,Retail,59544,447774.73,229564.56,84448.37,133761.77,23817.600000000002,29772.0
2023-06-30,Aluminum Cans,Europe,Wholesale,346610,2585375.33,1302994.87,446858.01,835522.41,138644.0,173305.0
2023-06-30,Aluminum Cans,Latin America,E-commerce,28965,170352.96,112022.08,38154.63,20176.239999999998,11586.0,14482.5
2023-06-30,Aluminum Cans,Latin America,Food & Beverage,144006,850014.42,531154.77,182988.47,135871.15,57602.4,72003.0
2023-06-30,Aluminum Cans,Latin America,Pharmaceutical,84434,495095.59,315481.64,110765.9,68848.04,33773.6,42217.0
2023-06-30,Aluminum Cans,Latin America,Retail,53853,317540.79,202393.59,70689.16,44458.08,21541.2,26926.5
2023-06-30,Aluminum Cans,Latin America,Wholesale,302560,1799855.96,1151850.42,421696.98,226308.51,121024.0,151280.0
2023-06-30,Aluminum Cans,North America,E-commerce,27324,186117.53,105830.88,37184.61,43102.03,10929.6,13662.0
2023-06-30,Aluminum Cans,North America,Food & Beverage,189743,1293723.16,724532.7,253944.75,315245.66,75897.2,94871.5
2023-06-30,Aluminum Cans,North America,Pharmaceutical,87859,603603.8099999999,338096.52999999997,116635.73,148871.59,35143.6,43929.5
2023-06-30,Aluminum Cans,North America,Retail,70134,476184.88,270912.28,96428.81,108843.83,28053.600000000002,35067.0
2023-06-30,Aluminum Cans,North America,Wholesale,328178,2252047.14,1283517.97,454287.14,514242.1,131271.2,164089.0
2023-06-30,Biodegradable Packaging,Asia Pacific,E-commerce,28523,206172.65,137654.88,46683.95,21833.86,5704.6,17113.8
2023-06-30,Biodegradable Packaging,Asia Pacific,Food & Beverage,184582,1337718.84,910857.86,313444.97,113416.06,36916.4,110749.2
2023-06-30,Biodegradable Packaging,Asia Pacific,Pharmaceutical,144377,1050772.04,729037.29,249032.95,72701.7,28875.4,86626.2
2023-06-30,Biodegradable Packaging,Asia Pacific,Retail,51125,371900.66,254414.99,89176.71,28308.98,10225.0,30675.0
2023-06-30,Biodegradable Packaging,Asia Pacific,Wholesale,350298,2562041.74,1756308.38,622847.12,182886.17,70059.6,210178.8
2023-06-30,Biodegradable Packaging,Europe,E-commerce,30310,262565.79,148073.71,52202.65,62289.5,6062.0,18186.0
2023-06-30,Biodegradable Packaging,Europe,Food & Beverage,149964,1299157.45,741396.39,253974.87,303786.11,29992.800000000003,89978.4
2023-06-30,Biodegradable Packaging,Europe,Pharmaceutical,117717,1022931.81,591720.24,205682.3,225529.29,23543.4,70630.2
2023-06-30,Biodegradable Packaging,Europe,Retail,54214,471158.71,260696.03,91480.2,118982.49,10842.800000000001,32528.399999999998
2023-06-30,Biodegradable Packaging,Europe,Wholesale,357409,3082139.78,1774862.49,604588.77,702688.51,71481.8,214445.4
2023-06-30,Biodegradable Packaging,Latin America,E-commerce,29219,200843.13,142847.97,52228.71,5766.38,5843.8,17531.399999999998
2023-06-30,Biodegradable Packaging,Latin America,Food & Beverage,208531,1427757.39,1009906.67,359601.27,58249.47,41706.200000000004,125118.59999999999
2023-06-30,Biodegradable Packaging,Latin America,Pharmaceutical,112351,770264.77,570272.55,205755.23,-5762.929999999999,22470.2,67410.59999999999
2023-06-30,Biodegradable Packaging,Latin America,Retail,59122,406438.29,295624.5,101547.01,9266.79,11824.400000000001,35473.2
2023-06-30,Biodegradable Packaging,Latin America,Wholesale,233240,1570399.84,1148251.18,398485.42,23663.199999999997,46648.0,139944.0
2023-06-30,Biodegradable Packaging,North America,E-commerce,26823,212360.19,134651.95,46667.61,31040.59,5364.6,16093.8
2023-06-30,Biodegradable Packaging,North America,Food & Beverage,173682,1365160.02,847473.79,296298.29,221387.93,34736.4,104209.2
2023-06-30,Biodegradable Packaging,North America,Pharmaceutical,104994,829367.94,513897.7,178424.19,137046.08,20998.8,62996.4
2023-06-30,Biodegradable Packaging,North America,Retail,50825,398955.88,256313.83,91882.49,50759.549999999996,10165.0,30495.0
2023-06-30,Biodegradable Packaging,North America,Wholesale,353526,2802942.82,1736220.99,616791.86,449930.03,70705.20000000001,212115.59999999998
2023-06-30,Glass Bottles,Asia Pacific,E-commerce,35538,276583.23,155882.68,54441.97,66258.55,42645.6,53307.0
2023-06-30,Glass Bottles,Asia Pacific,Food & Beverage,188863,1460334.19,834984.96,295332.03,330017.14,226635.59999999998,283294.5
2023-06-30,Glass Bottles,Asia Pacific,Pharmaceutical,99747,774447.95,432656.11,155737.06,186054.88,119696.4,149620.5
2023-06-30,Glass Bottles,Asia Pacific,Retail,71037,552027.84,314118.96,112346.08,125562.84,85244.4,106555.5
2023-06-30,Glass Bottles,Asia Pacific,Wholesale,263540,2032612.37,1129092.19,409466.89,494053.23,316248.0,395310.0
2023-06-30,Glass Bottles,Europe,E-commerce,31344,289569.55,140246.14,49121.97,100201.44,37612.799999999996,47016.0
2023-06-30,Glass Bottles,Europe,Food & Beverage,219235,2010256.05,960724.66,344032.97,705498.43,263082.0,328852.5
2023-06-30,Glass Bottles,Europe,Pharmaceutical,122792,1131530.82,547975.97,194146.1,389408.72,147350.4,184188.0
2023-06-30,Glass Bottles,Europe,Retail,47397,440050.55,207559.94,70965.11,161525.44,56876.399999999994,71095.5
2023-06-30,Glass Bottles,Europe,Wholesale,361167,3346722.73,1590973.64,558908.48,1196840.64,433400.39999999997,541750.5
2023-06-30,Glass Bottles,Latin America,E-commerce,33713,244165.11,149938.82,53734.64,40491.66,40455.6,50569.5
2023-06-30,Glass Bottles,Latin America,Food & Beverage,192248,1407461.35,859211.6900000001,298453.22,249796.5,230697.6,288372.0
2023-06-30,Glass Bottles,Latin America,Pharmaceutical,135876,987582.93,612089.27,220540.84,154952.82,163051.19999999998,203814.0
2023-06-30,Glass Bottles,Latin America,Retail,65737,476868.13,289398.58,98480.29,88989.23,78884.4,98605.5
2023-06-30,Glass Bottles,Latin America,Wholesale,317181,2292190.54,1386576.92,500068.98,405544.69,380617.2,475771.5
2023-06-30,Glass Bottles,North America,E-commerce,33181,277646.96,144066.84,50650.96,82929.21,39817.2,49771.5
2023-06-30,Glass Bottles,North America,Food & Beverage,158636,1335455.11,687977.0,233696.29,413781.83999999997,190363.19999999998,237954.0
2023-06-30,Glass Bottles,North America,Pharmaceutical,123535,1042220.42,544108.51,187521.43,310590.53,148242.0,185302.5
2023-06-30,Glass Bottles,North America,Retail,74050,617998.52,330860.39,115701.87,171436.32,88860.0,111075.0
2023-06-30,Glass Bottles,North America,Wholesale,360831,3057423.2399999998,1606914.04,580776.3,869732.9,432997.19999999995,541246.5
2023-06-30,Paper Packaging,Asia Pacific,E-commerce,32233,139417.92,88758.08,30596.07,20063.75,9669.9,25786.4
2023-06-30,Paper Packaging,Asia Pacific,Food & Beverage,223526,974861.76,616010.78,215932.71,142918.32,67057.8,178820.80000000002
2023-06-30,Paper Packaging,Asia Pacific,Pharmaceutical,139714,613488.6,389974.72,137297.21,86216.64,41914.2,111771.20000000001
2023-06-30,Paper Packaging,Asia Pacific,Retail,58633,258937.23,161716.11,56594.92,40626.23,17589.899999999998,46906.4
2023-06-30,Paper Packaging,Asia Pacific,Wholesale,300464,1317976.17,828797.5,292219.85,196958.88,90139.2,240371.2
2023-06-30,Paper Packaging,Europe,E-commerce,28901,149421.59,81228.1,27443.670000000002,40749.88,8670.3,23120.800000000003
2023-06-30,Paper Packaging,Europe,Food & Beverage,200024,1037651.58,543961.0700000001,189936.37,303754.13,60007.2,160019.2
2023-06-30,Paper Packaging,Europe,Pharmaceutical,106367,550857.78,291274.12,100387.47,159196.25,31910.1,85093.6
2023-06-30,Paper Packaging,Europe,Retail,55666,288930.69,152758.3,54905.03,81267.39,16699.8,44532.8
2023-06-30,Paper Packaging,Europe,Wholesale,284827,1483466.41,771520.1900000001,267316.94,444629.23,85448.09999999999,227861.6
2023-06-30,Paper Packaging,Latin America,E-commerce,21061,86134.41,58430.58,19961.79,7742.05,6318.299999999999,16848.800000000003
2023-06-30,Paper Packaging,Latin America,Food & Beverage,147097,596772.29,405340.4,145221.35,46210.55,44129.1,117677.6
2023-06-30,Paper Packaging,Latin America,Pharmaceutical,114222,470046.69,316045.6,110206.68000000001,43794.49,34266.6,91377.6
2023-06-30,Paper Packaging,Latin America,Retail,56123,230466.16999999998,152704.59,56151.64,21610.01,16836.899999999998,44898.4
2023-06-30,Paper Packaging,Latin America,Wholesale,321502,1311077.29,905816.17,306603.68,98657.31999999999,96450.59999999999,257201.6
2023-06-30,Paper Packaging,North America,E-commerce,29598,139605.66,80678.01,27939.19,30988.53,8879.4,23678.4
2023-06-30,Paper Packaging,North America,Food & Beverage,193927,912781.48,542574.65,180925.23,189281.58,58178.1,155141.6
2023-06-30,Paper Packaging,North America,Pharmaceutical,132791,627895.53,360869.33,125740.15,141286.03,39837.299999999996,106232.8
2023-06-30,Paper Packaging,North America,Retail,50940,238546.42,137644.36,48812.19,52089.86,15282.0,40752.0
2023-06-30,Paper Packaging,North America,Wholesale,282801,1330138.85,772429.72,279772.9,277936.17,84840.3,226240.80000000002
2023-06-30,Plastic Containers,Asia Pacific,E-commerce,24804,120532.85,82836.48,28400.68,9295.68,12402.0,24804.0
2023-06-30,Plastic Containers,Asia Pacific,Food & Beverage,218289,1060015.24,720250.78,251028.41999999998,88736.02,109144.5,218289.0
2023-06-30,Plastic Containers,Asia Pacific,Pharmaceutical,128425,624186.41,422332.47000000003,147924.56,53929.33,64212.5,128425.0
2023-06-30,Plastic Containers,Asia Pacific,Retail,55840,269955.14,186562.19,66670.72,16722.24,27920.0,55840.0
2023-06-30,Plastic Containers,Asia Pacific,Wholesale,283513,1379935.27,944322.18,333858.81,101754.29000000001,141756.5,283513.0
2023-06-30,Plastic Containers,Europe,E-commerce,30252,173854.49,99506.13,35083.4,39264.89,15126.0,30252.0
2023-06-30,Plastic Containers,Europe,Food & Beverage,200675,1154822.99,657222.02,228904.71,268696.32,100337.5,200675.0
2023-06-30,Plastic Containers,Europe,Pharmaceutical,124198,718435.93,409691.62,141924.47,166819.87,62099.0,124198.0
2023-06-30,Plastic Containers,Europe,Retail,43977,253449.27,144665.36,51754.3,57029.63,21988.5,43977.0
2023-06-30,Plastic Containers,Europe,Wholesale,368780,2134053.16,1233859.3,436795.99,463397.8,184390.0,368780.0
2023-06-30,Plastic Containers,Latin America,E-commerce,34030,154658.27,110582.94,38748.72,5326.639999999999,17015.0,34030.0
2023-06-30,Plastic Containers,Latin America,Food & Beverage,156606,715302.65,523192.62,179177.59,12932.47,78303.0,156606.0
2023-06-30,Plastic Containers,Latin America,Pharmaceutical,99291,453465.6,326825.58,110568.36,16071.650000000001,49645.5,99291.0
2023-06-30,Plastic Containers,Latin America,Retail,64230,289520.52,208743.26,72918.44,7858.84,32115.0,64230.0
2023-06-30,Plastic Containers,Latin America,Wholesale,213617,967098.1900000001,710656.46,237843.57,18598.16,106808.5,213617.0
2023-06-30,Plastic Containers,North America,E-commerce,25162,132921.32,83537.26,29087.31,20296.78,12581.0,25162.0
2023-06-30,Plastic Containers,North America,Food & Beverage,130445,684317.11,430141.66,147173.92,107001.51000000001,65222.5,130445.0
2023-06-30,Plastic Containers,North America,Pharmaceutical,151444,792803.57,500107.37,174468.75,118227.56,75722.0,151444.0
2023-06-30,Plastic Containers,North America,Retail,67798,353857.06,226427.72,79498.59,47930.68,33899.0,67798.0
2023-06-30,Plastic Containers,North America,Wholesale,268320,1404273.34,874876.83,309317.61,220078.89,134160.0,268320.0
2023-07-31,Aluminum Cans,Asia Pacific,E-commerce,36343,212952.3,138620.05,50212.57,24119.68,14537.2,18171.5
2023-07-31,Aluminum Cans,Asia Pacific,Food & Beverage,201091,1185185.93,774202.79,273822.99,137160.02,80436.40000000001,100545.5
2023-07-31,Aluminum Cans,Asia Pacific,Pharmaceutical,112029,660597.43,425152.98,148135.24,87309.17,44811.600000000006,56014.5
2023-07-31,Aluminum Cans,Asia Pacific,Retail,60630,356589.55,230942.16,82336.16,43311.2,24252.0,30315.0
2023-07-31,Aluminum Cans,Asia Pacific,Wholesale,330747,1939277.44,1283055.41,443838.33,212383.66,132298.80000000002,165373.5
2023-07-31,Aluminum Cans,Europe,E-commerce,26763,186874.25,104848.88,37086.85,44938.49,10705.2,13381.5
2023-07-31,Aluminum Cans,Europe,Food & Beverage,185922,1288177.41,714474.69,255845.4,317857.42,74368.8,92961.0
2023-07-31,Aluminum Cans,Europe,Pharmaceutical,144231,997432.99,546350.69,191778.08,259304.19,57692.4,72115.5
2023-07-31,Aluminum Cans,Europe,Retail,62312,434297.71,240535.14,84329.05,109433.57,24924.800000000003,31156.0
2023-07-31,Aluminum Cans,Europe,Wholesale,334414,2307818.95,1286358.65,464288.74,557171.63,133765.6,167207.0
2023-07-31,Aluminum Cans,Latin America,E-commerce,36896,203345.13999999998,138515.06,47215.96,17614.12,14758.400000000001,18448.0
2023-07-31,Aluminum Cans,Latin America,Food & Beverage,210196,1151011.17,806301.9,283417.36,61291.86,84078.40000000001,105098.0
2023-07-31,Aluminum Cans,Latin America,Pharmaceutical,120050,664477.72,471039.85,164642.28,28795.54,48020.0,60025.0
2023-07-31,Aluminum Cans,Latin America,Retail,43578,239434.13,166151.46,59208.98,14073.66,17431.2,21789.0
2023-07-31,Aluminum Cans,Latin America,Wholesale,271629,1492380.64,1086178.09,387971.03,18231.510000000002,108651.6,135814.5
2023-07-31,Aluminum Cans,North America,E-commerce,34815,222738.34,135964.09,47776.66,38997.61,13926.0,17407.5
2023-07-31,Aluminum Cans,North America,Food & Beverage,172930,1097911.18,670025.82,241092.26,186793.13,69172.0,86465.0
2023-07-31,Aluminum Cans,North America,Pharmaceutical,114659,720953.95,437343.72,154267.88999999998,129342.34,45863.600000000006,57329.5
2023-07-31,Aluminum Cans,North America,Retail,57879,365178.94,223632.84,77506.49,64039.63,23151.600000000002,28939.5
2023-07-31,Aluminum Cans,North America,Wholesale,266177,1665609.45,1039303.89,359537.83999999997,266767.7,106470.8,133088.5
2023-07-31,Biodegradable Packaging,Asia Pacific,E-commerce,33626,227531.16999999998,163988.08,56483.8,7059.219999999999,6725.200000000001,20175.6
2023-07-31,Biodegradable Packaging,Asia Pacific,Food & Beverage,193665,1319714.93,943545.1,333062.95,43106.84,38733.0,116199.0
2023-07-31,Biodegradable Packaging,Asia Pacific,Pharmaceutical,102639,691619.4,516420.09,182620.84,-7421.52,20527.800000000003,61583.399999999994
2023-07-31,Biodegradable Packaging,Asia Pacific,Retail,65442,441935.88,320298.04,118507.26,3130.62,13088.400000000001,39265.2
2023-07-31,Biodegradable Packaging,Asia Pacific,Wholesale,362067,2473996.07,1782440.6199999999,629702.27,61853.19,72413.40000000001,217240.19999999998
2023-07-31,Biodegradable Packaging,Europe,E-commerce,30368,243144.7,149418.98,51655.14,42070.49,6073.6,18220.8
2023-07-31,Biodegradable Packaging,Europe,Food & Beverage,200444,1602265.45,999281.27,347866.97000000003,255117.11,40088.8,120266.4
2023-07-31,Biodegradable Packaging,Europe,Pharmaceutical,119425,953757.64,602013.47,211088.12,140656.02,23885.0,71655.0
2023-07-31,Biodegradable Packaging,Europe,Retail,65940,529960.8,329375.31,115844.22,84741.31,13188.0,39564.0
2023-07-31,Biodegradable Packaging,Europe,Wholesale,230690,1854213.15,1136051.7,382788.42,335373.01,46138.0,138414.0
2023-07-31,Biodegradable Packaging,Latin America,E-commerce,27765,176141.82,135366.72,47062.57,-6287.5599999999995,5553.0,16659.0
2023-07-31,Biodegradable Packaging,Latin America,Food & Beverage,179258,1124303.1199999999,901018.04,313386.1,-90100.98,35851.6,107554.8
2023-07-31,Biodegradable Packaging,Latin America,Pharmaceutical,102215,645620.5,507337.72,180938.49,-42655.77,20443.0,61329.0
2023-07-31,Biodegradable Packaging,Latin America,Retail,74520,475154.66000000003,371677.89,129886.21,-26409.41,14904.0,44712.0
2023-07-31,Biodegradable Packaging,Latin America,Wholesale,326532,2064442.1300000001,1598937.85,544232.24,-78727.98,65306.4,195919.19999999998
2023-07-31,Biodegradable Packaging,North America,E-commerce,34749,252951.36000000002,170657.43,57553.68,24740.26,6949.8,20849.399999999998
2023-07-31,Biodegradable Packaging,North America,Food & Beverage,194088,1422643.73,965847.49,353539.27,103256.92,38817.600000000006,116452.79999999999
2023-07-31,Biodegradable Packaging,North America,Pharmaceutical,87736,640564.63,429894.88,145261.67,65408.119999999995,17547.2,52641.6
2023-07-31,Biodegradable Packaging,North America,Retail,66511,485983.37,324829.51,114924.12,46229.71,13302.2,39906.6
2023-07-31,Biodegradable Packaging,North America,Wholesale,387232,2816196.3,1932201.83,663583.46,220411.0,77446.40000000001,232339.19999999998
2023-07-31,Glass Bottles,Asia Pacific,E-commerce,39677,285773.22,171445.97,59787.37,54539.87,47612.4,59515.5
2023-07-31,Glass Bottles,Asia Pacific,Food & Beverage,167818,1212501.68,746550.49,261020.76,204930.45,201381.6,251727.0
2023-07-31,Glass Bottles,Asia Pacific,Pharmaceutical,159167,1147610.14,702865.72,251898.79,192845.68,191000.4,238750.5
2023-07-31,Glass Bottles,Asia Pacific,Retail,57564,414030.16,255084.2,85697.1,73248.98,69076.8,86346.0
2023-07-31,Glass Bottles,Asia Pacific,Wholesale,335955,2416826.61,1456370.3800000001,516018.19,444438.06,403146.0,503932.5
2023-07-31,Glass Bottles,Europe,E-commerce,26123,224500.25,113949.52,39671.34,70879.42,31347.6,39184.5
2023-07-31,Glass Bottles,Europe,Food & Beverage,161847,1381552.08,714711.72,248096.84,418743.53,194216.4,242770.5
2023-07-31,Glass Bottles,Europe,Pharmaceutical,142311,1223464.31,639045.6,227954.53,356464.05,170773.19999999998,213466.5
2023-07-31,Glass Bottles,Europe,Retail,65380,558076.42,282835.96,96032.63,179207.8,78456.0,98070.0
2023-07-31,Glass Bottles,Europe,Wholesale,383733,3282818.7399999998,1698440.43,600792.05,983586.29,460479.6,575599.5
2023-07-31,Glass Bottles,Latin America,E-commerce,34015,230477.09,150213.92,51821.94,28441.239999999998,40818.0,51022.5
2023-07-31,Glass Bottles,Latin America,Food & Beverage,182799,1233888.65,790539.15,277298.37,166051.15,219358.8,274198.5
2023-07-31,Glass Bottles,Latin America,Pharmaceutical,141476,952553.32,622802.6900000001,202183.76,127566.95,169771.19999999998,212214.0
2023-07-31,Glass Bottles,Latin America,Retail,50926,340565.48,221255.19,79000.46,40309.9,61111.2,76389.0
2023-07-31,Glass Bottles,Latin America,Wholesale,308613,2090868.05,1311031.49,463516.47000000003,316320.11,370335.6,462919.5
2023-07-31,Glass Bottles,North America,E-commerce,33258,257912.18,148534.29,52373.06,57004.86,39909.6,49887.0
2023-07-31,Glass Bottles,North America,Food & Beverage,160906,1245219.76,714635.55,242578.52,288005.69,193087.19999999998,241359.0
2023-07-31,Glass Bottles,North America,Pharmaceutical,151315,1180299.27,670855.47,234891.46,274552.39,181578.0,226972.5
2023-07-31,Glass Bottles,North America,Retail,62580,489349.23,272588.62,97831.34,118929.24,75096.0,93870.0
2023-07-31,Glass Bottles,North America,Wholesale,248535,1928496.37,1073619.3,369471.56,485405.47,298242.0,372802.5
2023-07-31,Paper Packaging,Asia Pacific,E-commerce,32095,130326.08,87529.55,30411.66,12384.960000000001,9628.5,25676.0
2023-07-31,Paper Packaging,Asia Pacific,Food & Beverage,192914,787829.29,522959.69,181638.1,83231.51,57874.2,154331.2
2023-07-31,Paper Packaging,Asia Pacific,Pharmaceutical,123891,504986.41000000003,335759.44,118919.31,50307.7,37167.299999999996,99112.8
2023-07-31,Paper Packaging,Asia Pacific,Retail,59827,242417.49,161129.78,58916.37,22371.38,17948.1,47861.600000000006
2023-07-31,Paper Packaging,Asia Pacific,Wholesale,246131,1008931.45,676488.25,236798.75,95644.46,73839.3,196904.80000000002
2023-07-31,Paper Packaging,Europe,E-commerce,26844,129767.3,74246.51,25794.1,29726.69,8053.2,21475.2
2023-07-31,Paper Packaging,Europe,Food & Beverage,152503,730755.05,431400.41000000003,149962.66,149392.0,45750.9,122002.40000000001
2023-07-31,Paper Packaging,Europe,Pharmaceutical,101512,485398.54,280065.2,95091.57,110241.77,30453.6,81209.6
2023-07-31,Paper Packaging,Europe,Retail,48210,232135.54,132687.06,47189.33,52259.17,14463.0,38568.0
2023-07-31,Paper Packaging,Europe,Wholesale,290916,1389913.24,799878.95,274227.92,315806.41,87274.8,232732.80000000002
2023-07-31,Paper Packaging,Latin America,E-commerce,28573,109474.52,78759.4,27068.84,3646.3,8571.9,22858.4
2023-07-31,Paper Packaging,Latin America,Food & Beverage,164593,627742.1,457006.04,157257.43,13478.61,49377.9,131674.4
2023-07-31,Paper Packaging,Latin America,Pharmaceutical,146410,553702.39,403423.76,141621.9,8656.67,43923.0,117128.0
2023-07-31,Paper Packaging,Latin America,Retail,60690,228850.83,165351.98,57785.6,5713.32,18207.0,48552.0
2023-07-31,Paper Packaging,Latin America,Wholesale,330218,1254409.0,891162.13,313687.5,49559.380000000005,99065.4,264174.4
2023-07-31,Paper Packaging,North America,E-commerce,30608,133627.44,84366.59,29931.77,19329.07,9182.4,24486.4
2023-07-31,Paper Packaging,North America,Food & Beverage,159474,701075.56,442613.25,146626.84,111835.51,47842.2,127579.20000000001
2023-07-31,Paper Packaging,North America,Pharmaceutical,135412,592909.12,368471.42,131459.46,92978.25,40623.6,108329.6
2023-07-31,Paper Packaging,North America,Retail,69270,301593.4,192188.61,67275.03,42129.71,20781.0,55416.0
2023-07-31,Paper Packaging,North America,Wholesale,316178,1383253.31,879530.08,302192.57,201530.59,94853.4,252942.40000000002
2023-07-31,Plastic Containers,Asia Pacific,E-commerce,35141,157924.95,115987.79000000001,40455.15,1482.0200000000002,17570.5,35141.0
2023-07-31,Plastic Containers,Asia Pacific,Food & Beverage,201438,913538.95,662607.71,233152.7,17778.59,100719.0,201438.0
2023-07-31,Plastic Containers,Asia Pacific,Pharmaceutical,103557,470275.82,346589.3,117497.34,6189.17,51778.5,103557.0
2023-07-31,Plastic Containers,Asia Pacific,Retail,71528,322414.0,234967.43,81110.03,6336.43,35764.0,71528.0
2023-07-31,Plastic Containers,Asia Pacific,Wholesale,296111,1340937.53,975861.71,333072.73,32003.05,148055.5,296111.0
2023-07-31,Plastic Containers,Europe,E-commerce,28022,148960.43,95160.02,31879.92,21920.55,14011.0,28022.0
2023-07-31,Plastic Containers,Europe,Food & Beverage,204599,1089519.91,660174.2,229888.77,199456.9,102299.5,204599.0
2023-07-31,Plastic Containers,Europe,Pharmaceutical,140572,753048.91,461707.72000000003,158361.64,132979.57,70286.0,140572.0
2023-07-31,Plastic Containers,Europe,Retail,70083,374857.71,231983.97,80951.52,61922.229999999996,35041.5,70083.0
2023-07-31,Plastic Containers,Europe,Wholesale,362961,1945113.03,1206309.37,435360.7,303442.99,181480.5,362961.0
2023-07-31,Plastic Containers,Latin America,E-commerce,29873,127261.36,99487.47,35247.3,-7473.33,14936.5,29873.0
2023-07-31,Plastic Containers,Latin America,Food & Beverage,147093,622815.26,484772.65,170961.46,-32918.88,73546.5,147093.0
2023-07-31,Plastic Containers,Latin America,Pharmaceutical,130180,552439.44,426411.36,149104.97,-23076.88,65090.0,130180.0
2023-07-31,Plastic Containers,Latin America,Retail,64776,274130.46,213697.65,74120.47,-13687.65,32388.0,64776.0
2023-07-31,Plastic Containers,Latin America,Wholesale,365756,1540706.24,1205936.4,412991.12,-78221.32,182878.0,365756.0
2023-07-31,Plastic Containers,North America,E-commerce,32802,159730.87,107852.7,38600.82,13277.35,16401.0,32802.0
2023-07-31,Plastic Containers,North America,Food & Beverage,130549,635796.87,425118.97000000003,148493.02,62184.91,65274.5,130549.0
2023-07-31,Plastic Containers,North America,Pharmaceutical,140601,678084.67,456769.93,158569.19,62745.53,70300.5,140601.0
2023-07-31,Plastic Containers,North America,Retail,67310,328821.14,222741.51,77657.47,28422.03,33655.0,67310.0
2023-07-31,Plastic Containers,North America,Wholesale,242467,1186591.91,797907.8099999999,275576.41,113107.64,121233.5,242467.0
2023-08-31,Aluminum Cans,Asia Pacific,E-commerce,27581,150982.78,106384.93,36619.26,7978.51,11032.400000000001,13790.5
2023-08-31,Aluminum Cans,Asia Pacific,Food & Beverage,151743,836308.65,588007.32,199197.07,49104.33,60697.200000000004,75871.5
2023-08-31,Aluminum Cans,Asia Pacific,Pharmaceutical,131531,728039.12,510486.26,175815.31,41737.52,52612.4,65765.5
2023-08-31,Aluminum Cans,Asia Pacific,Retail,63298,347951.37,246106.22,84772.7,17072.44,25319.2,31649.0
2023-08-31,Aluminum Cans,Asia Pacific,Wholesale,261758,1441526.5,1008177.29,349840.53,83508.72,104703.20000000001,130879.0
2023-08-31,Aluminum Cans,Europe,E-commerce,31877,204705.74,124030.55,43659.28,37015.94,12750.800000000001,15938.5
2023-08-31,Aluminum Cans,Europe,Food & Beverage,193001,1238025.19,739629.9,256431.88,241963.41,77200.40000000001,96500.5
2023-08-31,Aluminum Cans,Europe,Pharmaceutical,119285,767564.14,465558.93,166956.31,135048.96,47714.0,59642.5
2023-08-31,Aluminum Cans,Europe,Retail,72086,469430.24,282328.31,99084.58,88017.32,28834.4,36043.0
2023-08-31,Aluminum Cans,Europe,Wholesale,286624,1841875.8,1102113.0,392043.29,347719.55,114649.6,143312.0
2023-08-31,Aluminum Cans,Latin America,E-commerce,32141,164153.71,124352.69,42725.33,-2924.2799999999997,12856.400000000001,16070.5
2023-08-31,Aluminum Cans,Latin America,Food & Beverage,147969,758438.64,555737.32,192437.5,10263.849999999999,59187.600000000006,73984.5
2023-08-31,Aluminum Cans,Latin America,Pharmaceutical,109982,561094.86,418463.15,145140.41999999998,-2508.670000000001,43992.8,54991.0
2023-08-31,Aluminum Cans,Latin America,Retail,58979,300580.89,225349.6,81765.95,-6534.58,23591.600000000002,29489.5
2023-08-31,Aluminum Cans,Latin America,Wholesale,303740,1549536.49,1191692.8,403391.14,-45547.44,121496.0,151870.0
2023-08-31,Aluminum Cans,North America,E-commerce,29521,174483.36000000002,113319.29,41630.28,19533.81,11808.400000000001,14760.5
2023-08-31,Aluminum Cans,North America,Food & Beverage,230384,1362992.25,893417.34,306630.29,162944.6,92153.6,115192.0
2023-08-31,Aluminum Cans,North America,Pharmaceutical,118881,704293.95,459567.41,163865.27,80861.26,47552.4,59440.5
2023-08-31,Aluminum Cans,North America,Retail,60072,352156.73,229561.11000000002,81946.56,40649.05,24028.800000000003,30036.0
2023-08-31,Aluminum Cans,North America,Wholesale,260001,1525156.69,981723.37,348427.59,195005.72,104000.40000000001,130000.5
2023-08-31,Biodegradable Packaging,Asia Pacific,E-commerce,29486,187295.23,144729.7,52082.11,-9516.64,5897.200000000001,17691.6
2023-08-31,Biodegradable Packaging,Asia Pacific,Food & Beverage,183980,1167768.14,916588.5499999999,314903.17,-63723.61,36796.0,110388.0
2023-08-31,Biodegradable Packaging,Asia Pacific,Pharmaceutical,115685,733937.58,563045.5,204431.18,-33539.04,23137.0,69411.0
2023-08-31,Biodegradable Packaging,Asia Pacific,Retail,51871,328441.43,262284.0,90372.67,-24215.18,10374.2,31122.6
2023-08-31,Biodegradable Packaging,Asia Pacific,Wholesale,317822,2029695.23,1590618.06,568931.32,-129854.15,63564.4,190693.19999999998
2023-08-31,Biodegradable Packaging,Europe,E-commerce,32169,239834.22,158361.55,54408.83,27063.84,6433.8,19301.399999999998
2023-08-31,Biodegradable Packaging,Europe,Food & Beverage,201067,1500310.3,995264.08,351263.77,153782.38,40213.4,120640.2
2023-08-31,Biodegradable Packaging,Europe,Pharmaceutical,104282,780134.98,514452.0,176355.47,89327.56,20856.4,62569.2
2023-08-31,Biodegradable Packaging,Europe,Retail,63905,480935.5,319493.81,118200.06999999999,43241.659999999996,12781.0,38343.0
2023-08-31,Biodegradable Packaging,Europe,Wholesale,276209,2045295.55,1393725.52,489759.13,161810.92,55241.8,165725.4
2023-08-31,Biodegradable Packaging,Latin America,E-commerce,33136,195433.73,163717.1,56836.93,-25120.23,6627.200000000001,19881.6
2023-08-31,Biodegradable Packaging,Latin America,Food & Beverage,217193,1286540.12,1081211.64,380686.04,-175357.48,43438.600000000006,130315.79999999999
2023-08-31,Biodegradable Packaging,Latin America,Pharmaceutical,141230,835680.38,700602.36,246746.19,-111668.08,28246.0,84738.0
2023-08-31,Biodegradable Packaging,Latin America,Retail,66540,394028.56,335360.75,121007.95,-62340.14,13308.0,39924.0
2023-08-31,Biodegradable Packaging,Latin America,Wholesale,284570,1688717.77,1400257.89,484107.5,-195647.52,56914.0,170742.0
2023-08-31,Biodegradable Packaging,North America,E-commerce,30775,210428.96,151956.76,53718.19,4754.04,6155.0,18465.0
2023-08-31,Biodegradable Packaging,North America,Food & Beverage,188854,1286437.16,932017.37,327211.21,27208.54,37770.8,113312.4
2023-08-31,Biodegradable Packaging,North America,Pharmaceutical,124363,846761.95,622118.51,216955.75,7687.76,24872.600000000002,74617.8
2023-08-31,Biodegradable Packaging,North America,Retail,61410,418280.65,307839.07,106309.45,4132.139999999999,12282.0,36846.0
2023-08-31,Biodegradable Packaging,North America,Wholesale,301095,2056268.44,1454542.3,521038.27,80687.81,60219.0,180657.0
2023-08-31,Glass Bottles,Asia Pacific,E-commerce,30056,202082.82,131904.87,44374.22,25803.71,36067.2,45084.0
2023-08-31,Glass Bottles,Asia Pacific,Food & Beverage,147128,989191.9,637637.37,224070.95,127483.66,176553.6,220692.0
2023-08-31,Glass Bottles,Asia Pacific,Pharmaceutical,111789,764066.9,495467.39,172183.15,96416.37,134146.8,167683.5
2023-08-31,Glass Bottles,Asia Pacific,Retail,49367,334359.94,212143.31,75194.74,47021.88,59240.399999999994,74050.5
2023-08-31,Glass Bottles,Asia Pacific,Wholesale,310088,2083572.58,1336906.38,454645.73,292020.45,372105.6,465132.0
2023-08-31,Glass Bottles,Europe,E-commerce,22620,180097.05,99994.31,37528.79,42573.96,27144.0,33930.0
2023-08-31,Glass Bottles,Europe,Food & Beverage,172736,1380238.1,761220.84,266714.52,352302.75,207283.19999999998,259104.0
2023-08-31,Glass Bottles,Europe,Pharmaceutical,129524,1029201.38,577815.03,201230.84,250155.54,155428.8,194286.0
2023-08-31,Glass Bottles,Europe,Retail,72904,581584.68,323127.64,113925.31,144531.77,87484.8,109356.0
2023-08-31,Glass Bottles,Europe,Wholesale,296858,2369819.8,1308261.53,467436.51,594121.82,356229.6,445287.0
2023-08-31,Glass Bottles,Latin America,E-commerce,33396,211974.3,147646.74,51121.43,13206.03,40075.2,50094.0
2023-08-31,Glass Bottles,Latin America,Food & Beverage,180744,1139825.46,783600.91,269325.32,86899.22,216892.8,271116.0
2023-08-31,Glass Bottles,Latin America,Pharmaceutical,116175,733608.48,509806.43,173998.76,49803.36,139410.0,174262.5
2023-08-31,Glass Bottles,Latin America,Retail,66413,419456.83,289405.24,100837.86,29213.72,79695.59999999999,99619.5
2023-08-31,Glass Bottles,Latin America,Wholesale,305885,1936441.47,1332763.73,464241.65,139436.11000000002,367062.0,458827.5
2023-08-31,Glass Bottles,North America,E-commerce,28763,208908.11,125569.64,45201.18,38137.37,34515.6,43144.5
2023-08-31,Glass Bottles,North America,Food & Beverage,202851,1467525.13,894094.61,304399.04,269031.46,243421.19999999998,304276.5
2023-08-31,Glass Bottles,North America,Pharmaceutical,141274,1032120.35,628889.62,216219.67,187011.06,169528.8,211911.0
2023-08-31,Glass Bottles,North America,Retail,64956,471137.05,289603.02,101437.86,80096.14,77947.2,97434.0
2023-08-31,Glass Bottles,North America,Wholesale,308500,2237438.68,1337390.0,475477.81,424570.82,370200.0,462750.0
2023-08-31,Paper Packaging,Asia Pacific,E-commerce,28420,108216.9,79774.28,28404.64,38.000000000000036,8526.0,22736.0
2023-08-31,Paper Packaging,Asia Pacific,Food & Beverage,184647,700851.57,508815.79,182652.96,9382.9,55394.1,147717.6
2023-08-31,Paper Packaging,Asia Pacific,Pharmaceutical,124635,473743.37,348862.05,121469.84,3411.5200000000004,37390.5,99708.0
2023-08-31,Paper Packaging,Asia Pacific,Retail,54546,208425.56,152106.45,52972.13,3346.98,16363.8,43636.8
2023-08-31,Paper Packaging,Asia Pacific,Wholesale,246681,933671.04,691856.78,238557.51,3256.719999999999,74004.3,197344.80000000002
2023-08-31,Paper Packaging,Europe,E-commerce,32955,147330.98,92342.45,32625.35,22363.24,9886.5,26364.0
2023-08-31,Paper Packaging,Europe,Food & Beverage,138358,621845.38,384118.83,134132.92,103593.5,41507.4,110686.40000000001
2023-08-31,Paper Packaging,Europe,Pharmaceutical,131321,588933.2,365215.66,130571.49,93146.01,39396.299999999996,105056.8
2023-08-31,Paper Packaging,Europe,Retail,59104,264676.02999999997,158713.66,55542.45,50419.87,17731.2,47283.200000000004
2023-08-31,Paper Packaging,Europe,Wholesale,369495,1665243.61,1010493.58,347408.0,307341.97000000003,110848.5,295596.0
2023-08-31,Paper Packaging,Latin America,E-commerce,33119,117891.61,93250.97,31996.56,-7355.86,9935.699999999999,26495.2
2023-08-31,Paper Packaging,Latin America,Food & Beverage,199487,706564.36,552004.87,199048.49,-44488.979999999996,59846.1,159589.6
2023-08-31,Paper Packaging,Latin America,Pharmaceutical,108039,385384.38,295172.09,104412.28,-14200.02,32411.699999999997,86431.20000000001
2023-08-31,Paper Packaging,Latin America,Retail,61869,220489.7,170088.85,59821.93,-9421.11,18560.7,49495.200000000004
2023-08-31,Paper Packaging,Latin America,Wholesale,413247,1460269.32,1119488.43,387611.7,-46830.81,123974.09999999999,330597.60000000003
2023-08-31,Paper Packaging,North America,E-commerce,21997,89445.24,61326.05,21103.02,7016.2300000000005,6599.099999999999,17597.600000000002
2023-08-31,Paper Packaging,North America,Food & Beverage,195440,795413.7,547540.43,193835.81,54037.36,58632.0,156352.0
2023-08-31,Paper Packaging,North America,Pharmaceutical,118887,486081.19,329750.38,114529.7,41801.12,35666.1,95109.6
2023-08-31,Paper Packaging,North America,Retail,57447,235030.91,158334.9,53536.590000000004,23159.41,17234.1,45957.600000000006
2023-08-31,Paper Packaging,North America,Wholesale,366926,1502584.11,1012945.53,351942.47000000003,137696.07,110077.79999999999,293540.8
2023-08-31,Plastic Containers,Asia Pacific,E-commerce,30624,129717.72,103154.84,35982.88,-9419.960000000001,15312.0,30624.0
2023-08-31,Plastic Containers,Asia Pacific,Food & Beverage,226418,960962.72,751674.49,255084.34,-45796.11,113209.0,226418.0
2023-08-31,Plastic Containers,Asia Pacific,Pharmaceutical,152526,645361.67,506682.09,174973.49,-36293.89,76263.0,152526.0
2023-08-31,Plastic Containers,Asia Pacific,Retail,55564,236057.0,185721.4,68506.87,-18171.3,27782.0,55564.0
2023-08-31,Plastic Containers,Asia Pacific,Wholesale,309721,1307671.56,1015527.9,349831.57,-57687.990000000005,154860.5,309721.0
2023-08-31,Plastic Containers,Europe,E-commerce,35681,178761.66,118001.63,43187.54,17572.43,17840.5,35681.0
2023-08-31,Plastic Containers,Europe,Food & Beverage,174675,876098.51,574031.01,201331.48,100736.12,87337.5,174675.0
2023-08-31,Plastic Containers,Europe,Pharmaceutical,107215,531802.23,353163.19,123200.38,55438.63,53607.5,107215.0
2023-08-31,Plastic Containers,Europe,Retail,74470,369339.87,246366.54,84669.08,38304.24,37235.0,74470.0
2023-08-31,Plastic Containers,Europe,Wholesale,378424,1874398.27,1260907.34,437490.97000000003,175999.94,189212.0,378424.0
2023-08-31,Plastic Containers,Latin America,E-commerce,31778,125221.58,104075.41,36691.69,-15545.52,15889.0,31778.0
2023-08-31,Plastic Containers,Latin America,Food & Beverage,207302,818886.25,676765.26,234238.57,-92117.56,103651.0,207302.0
2023-08-31,Plastic Containers,Latin America,Pharmaceutical,138874,546942.5,453840.26,158681.27,-65579.09,69437.0,138874.0
2023-08-31,Plastic Containers,Latin America,Retail,69905,276305.62,228976.73,84409.96,-37081.05,34952.5,69905.0
2023-08-31,Plastic Containers,Latin America,Wholesale,333567,1312866.74,1105099.45,377959.96,-170192.69,166783.5,333567.0
2023-08-31,Plastic Containers,North America,E-commerce,31801,143590.66,104627.52,34783.24,4179.9800000000005,15900.5,31801.0
2023-08-31,Plastic Containers,North America,Food & Beverage,180956,819140.38,607705.67,217572.71,-6138.049999999999,90478.0,180956.0
2023-08-31,Plastic Containers,North America,Pharmaceutical,116685,530708.4400000001,387340.53,137642.31,5725.52,58342.5,116685.0
2023-08-31,Plastic Containers,North America,Retail,57978,264944.65,195774.68,69947.9,-777.8899999999993,28989.0,57978.0
2023-08-31,Plastic Containers,North America,Wholesale,340460,1561757.39,1151195.57,399756.19,10805.619999999999,170230.0,340460.0
2023-09-30,Aluminum Cans,Asia Pacific,E-commerce,29429,156470.34,111525.31999999999,39921.32,5023.76,11771.6,14714.5
2023-09-30,Aluminum Cans,Asia Pacific,Food & Beverage,166507,882502.06,635533.65,226487.44,20481.030000000002,66602.8,83253.5
2023-09-30,Aluminum Cans,Asia Pacific,Pharmaceutical,124808,659456.52,480402.79,174710.51,4343.18,49923.200000000004,62404.0
2023-09-30,Aluminum Cans,Asia Pacific,Retail,52000,274030.03,199405.47,70338.94,4285.62,20800.0,26000.0
2023-09-30,Aluminum Cans,Asia Pacific,Wholesale,273779,1447012.1300000001,1053889.31,358707.96,34414.83,109511.6,136889.5
2023-09-30,Aluminum Cans,Europe,E-commerce,26963,166779.2,104619.04,35376.19,26783.94,10785.2,13481.5
2023-09-30,Aluminum Cans,Europe,Food & Beverage,215276,1329633.28,832827.13,295122.41,201683.84,86110.40000000001,107638.0
2023-09-30,Aluminum Cans,Europe,Pharmaceutical,101642,630510.46,393928.12,131418.15,105164.13,40656.8,50821.0
2023-09-30,Aluminum Cans,Europe,Retail,51871,323805.04,200485.8,67536.13,55783.16,20748.4,25935.5
2023-09-30,Aluminum Cans,Europe,Wholesale,287099,1779337.41,1108252.41,398821.57,272263.3,114839.6,143549.5
2023-09-30,Aluminum Cans,Latin America,E-commerce,38785,190958.08,148928.11,51244.96,-9215.01,15514.0,19392.5
2023-09-30,Aluminum Cans,Latin America,Food & Beverage,135318,668498.38,529379.57,181534.4,-42415.6,54127.200000000004,67659.0
2023-09-30,Aluminum Cans,Latin America,Pharmaceutical,109808,539705.4400000001,417956.8,142129.74,-20381.05,43923.200000000004,54904.0
2023-09-30,Aluminum Cans,Latin America,Retail,56597,278772.2,213313.59,74020.01,-8561.4,22638.800000000003,28298.5
2023-09-30,Aluminum Cans,Latin America,Wholesale,354507,1760507.8699999999,1388151.11,489655.15,-117298.37,141802.80000000002,177253.5
2023-09-30,Aluminum Cans,North America,E-commerce,36734,207747.23,141097.02,47792.84,18857.34,14693.6,18367.0
2023-09-30,Aluminum Cans,North America,Food & Beverage,179108,1014374.77,694861.53,233856.9,85656.38,71643.2,89554.0
2023-09-30,Aluminum Cans,North America,Pharmaceutical,114967,651284.26,438892.52,155108.39,57283.38,45986.8,57483.5
2023-09-30,Aluminum Cans,North America,Retail,50924,286513.23,195394.77,67238.24,23880.27,20369.600000000002,25462.0
2023-09-30,Aluminum Cans,North America,Wholesale,339475,1906994.65,1296351.3800000001,453733.56,156909.69,135790.0,169737.5
2023-09-30,Biodegradable Packaging,Asia Pacific,E-commerce,30022,184046.59,146439.75,51368.39,-13761.54,6004.400000000001,18013.2
2023-09-30,Biodegradable Packaging,Asia Pacific,Food & Beverage,180689,1095844.31,884494.38,301145.2,-89795.31999999999,36137.8,108413.4
2023-09-30,Biodegradable Packaging,Asia Pacific,Pharmaceutical,134936,818652.44,669191.3099999999,236548.23,-87087.06999999999,26987.2,80961.59999999999
2023-09-30,Biodegradable Packaging,Asia Pacific,Retail,74581,457104.62,369765.54,130687.55,-43348.51,14916.2,44748.6
2023-09-30,Biodegradable Packaging,Asia Pacific,Wholesale,315385,1920596.82,1563682.52,557622.73,-200708.41,63077.0,189231.0
2023-09-30,Biodegradable Packaging,Europe,E-commerce,39790,284572.85,197411.3,68645.95,18515.59,7958.0,23874.0
2023-09-30,Biodegradable Packaging,Europe,Food & Beverage,174447,1242863.97,859596.97,303379.69,79887.3,34889.4,104668.2
2023-09-30,Biodegradable Packaging,Europe,Pharmaceutical,137102,973017.99,676723.31,240160.41,56134.22,27420.4,82261.2
2023-09-30,Biodegradable Packaging,Europe,Retail,61956,443734.74,311379.64,103761.42,28593.7,12391.2,37173.6
2023-09-30,Biodegradable Packaging,Europe,Wholesale,312230,2231217.0,1513605.51,539521.19,178090.28,62446.0,187338.0
2023-09-30,Biodegradable Packaging,Latin America,E-commerce,26398,150657.37,130454.16,45749.1,-25545.9,5279.6,15838.8
2023-09-30,Biodegradable Packaging,Latin America,Food & Beverage,148551,847162.0,727107.23,248036.91999999998,-127982.15,29710.2,89130.59999999999
2023-09-30,Biodegradable Packaging,Latin America,Pharmaceutical,97850,554623.73,492472.63,178059.78,-115908.67,19570.0,58710.0
2023-09-30,Biodegradable Packaging,Latin America,Retail,59127,338970.45,293505.11,99166.70999999999,-53701.37,11825.400000000001,35476.2
2023-09-30,Biodegradable Packaging,Latin America,Wholesale,335609,1921610.2,1659483.25,564991.3099999999,-302864.3,67121.8,201365.4
2023-09-30,Biodegradable Packaging,North America,E-commerce,26184,170854.57,124049.14,41877.43,4928.08,5236.8,15710.4
2023-09-30,Biodegradable Packaging,North America,Food & Beverage,187013,1216344.57,932950.85,325141.9,-41748.15,37402.6,112207.8
2023-09-30,Biodegradable Packaging,North America,Pharmaceutical,122650,803939.68,595423.37,209158.66,-642.3199999999988,24530.0,73590.0
2023-09-30,Biodegradable Packaging,North America,Retail,66729,434384.62,325400.04,111513.76,-2529.1800000000007,13345.800000000001,40037.4
2023-09-30,Biodegradable Packaging,North America,Wholesale,335290,2183834.85,1658254.04,580657.8099999999,-55076.990000000005,67058.0,201174.0
2023-09-30,Glass Bottles,Asia Pacific,E-commerce,28850,188970.58000000002,126825.32,43662.44,18482.75,34620.0,43275.0
2023-09-30,Glass Bottles,Asia Pacific,Food & Beverage,161649,1057478.66,705811.5,250682.72,100984.49,193978.8,242473.5
2023-09-30,Glass Bottles,Asia Pacific,Pharmaceutical,82674,537817.36,358693.21,126713.79,52410.39,99208.8,124011.0
2023-09-30,Glass Bottles,Asia Pacific,Retail,64012,418372.15,274876.08,93165.46,50330.520000000004,76814.4,96018.0
2023-09-30,Glass Bottles,Asia Pacific,Wholesale,228455,1496178.3,1000883.17,346780.46,148514.59,274146.0,342682.5
2023-09-30,Glass Bottles,Europe,E-commerce,23404,178673.41,101990.68,36067.97,40614.79,28084.8,35106.0
2023-09-30,Glass Bottles,Europe,Food & Beverage,179023,1360360.77,762542.48,255086.21,342732.09,214827.6,268534.5
2023-09-30,Glass Bottles,Europe,Pharmaceutical,107759,825373.28,463531.99,162309.24,199532.1,129310.8,161638.5
2023-09-30,Glass Bottles,Europe,Retail,64582,489238.61,284615.29,101266.93000000001,103356.4,77498.4,96873.0
2023-09-30,Glass Bottles,Europe,Wholesale,308933,2354493.79,1328726.64,471784.77,553982.4,370719.6,463399.5
2023-09-30,Glass Bottles,Latin America,E-commerce,28435,172380.31,125260.77,43436.25,3683.21,34122.0,42652.5
2023-09-30,Glass Bottles,Latin America,Food & Beverage,158364,959070.69,698235.92,251492.93,9341.84,190036.8,237546.0
2023-09-30,Glass Bottles,Latin America,Pharmaceutical,115179,698000.42,507719.38,178652.23,11628.85,138214.8,172768.5
2023-09-30,Glass Bottles,Latin America,Retail,67621,411144.98,297897.77,107431.88,5815.37,81145.2,101431.5
2023-09-30,Glass Bottles,Latin America,Wholesale,343847,2096252.98,1544682.6,535562.96,16007.320000000002,412616.39999999997,515770.5
2023-09-30,Glass Bottles,North America,E-commerce,34188,237964.48,148248.91,52496.83,37218.729999999996,41025.6,51282.0
2023-09-30,Glass Bottles,North America,Food & Beverage,153931,1072568.1300000001,684055.6,230425.55,158086.99,184717.19999999998,230896.5
2023-09-30,Glass Bottles,North America,Pharmaceutical,113583,786504.46,493933.86,173247.21,119323.33,136299.6,170374.5
2023-09-30,Glass Bottles,North America,Retail,68127,474366.66,297314.16,103403.14,73649.37,81752.4,102190.5
2023-09-30,Glass Bottles,North America,Wholesale,284417,1980807.87,1246901.71,430640.87,303265.35,341300.39999999997,426625.5
2023-09-30,Paper Packaging,Asia Pacific,E-commerce,29378,108241.58,82590.33,28779.17,-3127.88,8813.4,23502.4
2023-09-30,Paper Packaging,Asia Pacific,Food & Beverage,181949,667370.21,507949.13,185786.02,-26364.89,54584.7,145559.2
2023-09-30,Paper Packaging,Asia Pacific,Pharmaceutical,111852,407469.92,309106.44,107588.27,-9224.81,33555.6,89481.6
2023-09-30,Paper Packaging,Asia Pacific,Retail,58690,215649.96,162269.36000000002,58013.7,-4633.14,17607.0,46952.0
2023-09-30,Paper Packaging,Asia Pacific,Wholesale,335728,1230534.26,919628.66,317493.88,-6588.219999999999,100718.4,268582.4
2023-09-30,Paper Packaging,Europe,E-commerce,28878,123733.56,80827.77,27813.24,15092.57,8663.4,23102.4
2023-09-30,Paper Packaging,Europe,Food & Beverage,205629,880968.76,561506.86,195156.64,124305.28,61688.7,164503.2
2023-09-30,Paper Packaging,Europe,Pharmaceutical,124787,537138.97,335290.22,115802.84,86045.9,37436.1,99829.6
2023-09-30,Paper Packaging,Europe,Retail,55470,237170.55,151194.11000000002,51704.36,34272.05,16641.0,44376.0
2023-09-30,Paper Packaging,Europe,Wholesale,330486,1412219.15,903497.9,319223.36,189497.78,99145.8,264388.8
2023-09-30,Paper Packaging,Latin America,E-commerce,29585,100810.22,79586.97,28937.239999999998,-7714.0,8875.5,23668.0
2023-09-30,Paper Packaging,Latin America,Food & Beverage,184062,630788.29,507623.7,177730.92,-54566.36,55218.6,147249.6
2023-09-30,Paper Packaging,Latin America,Pharmaceutical,98596,337278.66,262653.42,89956.1,-15330.86,29578.8,78876.8
2023-09-30,Paper Packaging,Latin America,Retail,62087,212907.13999999998,173475.75,61919.21,-22487.82,18626.1,49669.600000000006
2023-09-30,Paper Packaging,Latin America,Wholesale,276134,941343.97,756249.13,260841.97,-75747.06,82840.2,220907.2
2023-09-30,Paper Packaging,North America,E-commerce,25425,99645.95,69725.99,25569.510000000002,4350.42,7627.5,20340.0
2023-09-30,Paper Packaging,North America,Food & Beverage,179869,703295.26,506193.42,180071.45,17030.39,53960.7,143895.2
2023-09-30,Paper Packaging,North America,Pharmaceutical,110952,429063.87,308918.79,108128.21,12016.85,33285.6,88761.6
2023-09-30,Paper Packaging,North America,Retail,67835,264047.37,185300.97,63638.27,15108.16,20350.5,54268.0
2023-09-30,Paper Packaging,North America,Wholesale,293427,1137217.01,801560.08,282880.09,52776.79,88028.09999999999,234741.6
2023-09-30,Plastic Containers,Asia Pacific,E-commerce,37508,153390.74,125192.24,45055.82,-16857.35,18754.0,37508.0
2023-09-30,Plastic Containers,Asia Pacific,Food & Beverage,170985,700292.01,581638.7,205279.25,-86625.94,85492.5,170985.0
2023-09-30,Plastic Containers,Asia Pacific,Pharmaceutical,107585,440056.2,347642.04,119970.77,-27556.56,53792.5,107585.0
2023-09-30,Plastic Containers,Asia Pacific,Retail,53344,217202.97,175251.7,60510.96,-18559.72,26672.0,53344.0
2023-09-30,Plastic Containers,Asia Pacific,Wholesale,291172,1187542.17,932635.89,329890.82,-74984.59,145586.0,291172.0
2023-09-30,Plastic Containers,Europe,E-commerce,30789,144922.75,100678.13,35256.96,8987.61,15394.5,30789.0
2023-09-30,Plastic Containers,Europe,Food & Beverage,246552,1170852.87,819024.11,291657.61,60171.15,123276.0,246552.0
2023-09-30,Plastic Containers,Europe,Pharmaceutical,129258,615112.36,417309.68,148149.27,49653.4,64629.0,129258.0
2023-09-30,Plastic Containers,Europe,Retail,65895,313582.34,213930.99,74916.36,24734.95,32947.5,65895.0
2023-09-30,Plastic Containers,Europe,Wholesale,337882,1616092.73,1118010.98,382289.72,115792.03,168941.0,337882.0
2023-09-30,Plastic Containers,Latin America,E-commerce,31750,120149.73,104002.83,38167.7,-22020.77,15875.0,31750.0
2023-09-30,Plastic Containers,Latin America,Food & Beverage,205485,782957.17,667842.19,235340.47,-120225.53,102742.5,205485.0
2023-09-30,Plastic Containers,Latin America,Pharmaceutical,113785,431568.03,375322.34,135734.03,-79488.37,56892.5,113785.0
2023-09-30,Plastic Containers,Latin America,Retail,51250,193717.87,171019.51,59148.98,-36450.64,25625.0,51250.0
2023-09-30,Plastic Containers,Latin America,Wholesale,318967,1214393.49,1060172.75,373205.76,-218984.94,159483.5,318967.0
2023-09-30,Plastic Containers,North America,E-commerce,27729,119977.12,90431.46,31827.47,-2281.86,13864.5,27729.0
2023-09-30,Plastic Containers,North America,Food & Beverage,155499,674746.42,520163.8,185764.69,-31182.05,77749.5,155499.0
2023-09-30,Plastic Containers,North America,Pharmaceutical,113812,496055.54,384111.13,135105.02,-23160.61,56906.0,113812.0
2023-09-30,Plastic Containers,North America,Retail,60755,264025.44,200207.47,69873.96,-6055.95,30377.5,60755.0
2023-09-30,Plastic Containers,North America,Wholesale,398750,1740898.25,1302884.78,468453.17,-30439.66,199375.0,398750.0
2023-10-31,Aluminum Cans,Asia Pacific,E-commerce,27222,144614.94,103804.62,36571.94,4238.41,10888.800000000001,13611.0
2023-10-31,Aluminum Cans,Asia Pacific,Food & Beverage,219321,1172726.45,851974.81,296002.9,24748.76,87728.40000000001,109660.5
2023-10-31,Aluminum Cans,Asia Pacific,Pharmaceutical,91228,487281.82,346379.81,125324.25,15577.82,36491.200000000004,45614.0
2023-10-31,Aluminum Cans,Asia Pacific,Retail,60149,320420.0,235821.26,84785.14,-186.46000000000004,24059.600000000002,30074.5
2023-10-31,Aluminum Cans,Asia Pacific,Wholesale,320246,1696168.98,1228928.41,437860.07,29380.39,128098.40000000001,160123.0
2023-10-31,Aluminum Cans,Europe,E-commerce,31989,198400.65,120903.46,42758.68,34738.53,12795.6,15994.5
2023-10-31,Aluminum Cans,Europe,Food & Beverage,185617,1147864.92,709045.51,234801.27,204018.16,74246.8,92808.5
2023-10-31,Aluminum Cans,Europe,Pharmaceutical,126359,782328.7,486295.76,166480.79,129552.14,50543.600000000006,63179.5
2023-10-31,Aluminum Cans,Europe,Retail,45911,282494.02,173390.33,60238.34,48865.33,18364.4,22955.5
2023-10-31,Aluminum Cans,Europe,Wholesale,282170,1748194.76,1065439.98,392203.17,290551.59,112868.0,141085.0
2023-10-31,Aluminum Cans,Latin America,E-commerce,25076,124391.38,96464.52,32532.27,-4605.44,10030.400000000001,12538.0
2023-10-31,Aluminum Cans,Latin America,Food & Beverage,169305,832848.72,665316.84,228019.49,-60487.59,67722.0,84652.5
2023-10-31,Aluminum Cans,Latin America,Pharmaceutical,115959,574514.1,441261.42,148105.37,-14852.75,46383.600000000006,57979.5
2023-10-31,Aluminum Cans,Latin America,Retail,71015,351137.74,269066.99,95238.07,-13167.28,28406.0,35507.5
2023-10-31,Aluminum Cans,Latin America,Wholesale,306108,1520088.04,1191149.79,417751.01,-88812.7,122443.20000000001,153054.0
2023-10-31,Aluminum Cans,North America,E-commerce,26144,148127.6,100925.09999999999,33814.56,13387.93,10457.6,13072.0
2023-10-31,Aluminum Cans,North America,Food & Beverage,254830,1440041.43,973492.75,333443.42,133105.14,101932.0,127415.0
2023-10-31,Aluminum Cans,North America,Pharmaceutical,139646,794137.15,529218.81,180505.95,84412.42,55858.4,69823.0
2023-10-31,Aluminum Cans,North America,Retail,56588,319077.35,214472.56,72786.02,31818.74,22635.2,28294.0
2023-10-31,Aluminum Cans,North America,Wholesale,313839,1776254.68,1196034.62,414576.94,165643.05,125535.6,156919.5
2023-10-31,Biodegradable Packaging,Asia Pacific,E-commerce,24057,147560.73,120738.2,42217.69,-15395.1,4811.400000000001,14434.199999999999
2023-10-31,Biodegradable Packaging,Asia Pacific,Food & Beverage,174975,1079484.58,871203.29,294394.18,-86112.84,34995.0,104985.0
2023-10-31,Biodegradable Packaging,Asia Pacific,Pharmaceutical,145851,894555.27,728110.98,257516.73,-91072.39,29170.2,87510.59999999999
2023-10-31,Biodegradable Packaging,Asia Pacific,Retail,62085,381643.2,305589.49,111909.33,-35855.64,12417.0,37251.0
2023-10-31,Biodegradable Packaging,Asia Pacific,Wholesale,353449,2159509.28,1764575.97,623345.61,-228412.34,70689.8,212069.4
2023-10-31,Biodegradable Packaging,Europe,E-commerce,30370,215679.63999999998,153356.86,51822.87,10499.84,6074.0,18222.0
2023-10-31,Biodegradable Packaging,Europe,Food & Beverage,189069,1344767.95,944471.92,325964.52,74331.45,37813.8,113441.4
2023-10-31,Biodegradable Packaging,Europe,Pharmaceutical,131295,940313.62,651238.13,235822.88,53252.64,26259.0,78777.0
2023-10-31,Biodegradable Packaging,Europe,Retail,70585,500971.55,353614.46,124504.24,22852.83,14117.0,42351.0
2023-10-31,Biodegradable Packaging,Europe,Wholesale,385039,2763732.54,1910505.5,671172.31,182054.74,77007.8,231023.4
2023-10-31,Biodegradable Packaging,Latin America,E-commerce,29801,170232.41,150392.81,51341.83,-31502.22,5960.200000000001,17880.6
2023-10-31,Biodegradable Packaging,Latin America,Food & Beverage,183331,1048401.59,886014.0599999999,301558.96,-139171.44,36666.200000000004,109998.59999999999
2023-10-31,Biodegradable Packaging,Latin America,Pharmaceutical,107328,612404.99,532690.85,176442.31,-96728.18,21465.600000000002,64396.799999999996
2023-10-31,Biodegradable Packaging,Latin America,Retail,64046,366133.17,318748.98,112817.83,-65433.65,12809.2,38427.6
2023-10-31,Biodegradable Packaging,Latin America,Wholesale,346812,1982442.1400000001,1702436.38,582560.65,-302554.89,69362.40000000001,208087.19999999998
2023-10-31,Biodegradable Packaging,North America,E-commerce,29972,195171.57,148140.41,50536.92,-3505.7799999999997,5994.400000000001,17983.2
2023-10-31,Biodegradable Packaging,North America,Food & Beverage,198558,1288359.59,984169.53,351946.04,-47756.01,39711.6,119134.8
2023-10-31,Biodegradable Packaging,North America,Pharmaceutical,102635,670618.53,514695.35,174579.61,-18656.4,20527.0,61581.0
2023-10-31,Biodegradable Packaging,North America,Retail,54986,361194.57,279440.5,100055.19,-18301.17,10997.2,32991.6
2023-10-31,Biodegradable Packaging,North America,Wholesale,209657,1370359.51,1060338.71,353351.41,-43330.62,41931.4,125794.2
2023-10-31,Glass Bottles,Asia Pacific,E-commerce,37573,246221.11000000002,167162.56,58677.06,20381.51,45087.6,56359.5
2023-10-31,Glass Bottles,Asia Pacific,Food & Beverage,190442,1254018.73,861491.58,311236.8,81290.36,228530.4,285663.0
2023-10-31,Glass Bottles,Asia Pacific,Pharmaceutical,121949,800609.55,551521.58,191666.71,57421.23,146338.8,182923.5
2023-10-31,Glass Bottles,Asia Pacific,Retail,61918,405198.54,269586.08,92874.56,42737.94,74301.59999999999,92877.0
2023-10-31,Glass Bottles,Asia Pacific,Wholesale,359920,2355350.99,1592094.91,544839.86,218416.33000000002,431904.0,539880.0
2023-10-31,Glass Bottles,Europe,E-commerce,25968,197306.81,115362.86,39608.75,42335.24,31161.6,38952.0
2023-10-31,Glass Bottles,Europe,Food & Beverage,214247,1633758.4,936877.12,325977.0,370904.28,257096.4,321370.5
2023-10-31,Glass Bottles,Europe,Pharmaceutical,117718,891887.77,513477.87,179930.11,198479.83,141261.6,176577.0
2023-10-31,Glass Bottles,Europe,Retail,70358,534167.4,310331.27,109452.84,114383.28,84429.59999999999,105537.0
2023-10-31,Glass Bottles,Europe,Wholesale,251669,1926068.98,1148671.68,409523.21,367874.0,302002.8,377503.5
2023-10-31,Glass Bottles,Latin America,E-commerce,30091,184971.54,132233.81,45964.02,6773.68,36109.2,45136.5
2023-10-31,Glass Bottles,Latin America,Food & Beverage,159840,974182.52,707423.02,255964.73,10794.75,191808.0,239760.0
2023-10-31,Glass Bottles,Latin America,Pharmaceutical,104780,641990.58,466400.5,166442.36000000002,9147.69,125736.0,157170.0
2023-10-31,Glass Bottles,Latin America,Retail,62954,384879.7,274084.08999999997,94853.97,15941.68,75544.8,94431.0
2023-10-31,Glass Bottles,Latin America,Wholesale,325461,1979629.24,1431016.21,483823.45,64789.6,390553.2,488191.5
2023-10-31,Glass Bottles,North America,E-commerce,35175,245069.16,152730.54,53969.51,38369.01,42210.0,52762.5
2023-10-31,Glass Bottles,North America,Food & Beverage,209839,1458955.51,910735.55,323419.89,224800.13,251806.8,314758.5
2023-10-31,Glass Bottles,North America,Pharmaceutical,112021,784105.67,497465.6,180671.91,105968.22,134425.19999999998,168031.5
2023-10-31,Glass Bottles,North America,Retail,75503,523701.33,336076.61,118193.16,69431.55,90603.59999999999,113254.5
2023-10-31,Glass Bottles,North America,Wholesale,320662,2239970.53,1432354.88,500858.18,306757.55,384794.39999999997,480993.0
2023-10-31,Paper Packaging,Asia Pacific,E-commerce,38376,141425.21,103909.29,36111.32,1404.6200000000001,11512.8,30700.800000000003
2023-10-31,Paper Packaging,Asia Pacific,Food & Beverage,175308,646561.08,490953.67,168822.1,-13214.7,52592.4,140246.40000000002
2023-10-31,Paper Packaging,Asia Pacific,Pharmaceutical,113777,422860.85,317126.98,110690.33,-4956.49,34133.1,91021.6
2023-10-31,Paper Packaging,Asia Pacific,Retail,70680,260657.37,195374.27,68224.17,-2941.0500000000006,21204.0,56544.0
2023-10-31,Paper Packaging,Asia Pacific,Wholesale,246314,913337.0,691627.73,240628.75,-18919.51,73894.2,197051.2
2023-10-31,Paper Packaging,Europe,E-commerce,38802,166717.94,107062.54,37368.42,22286.97,11640.6,31041.600000000002
2023-10-31,Paper Packaging,Europe,Food & Beverage,185989,798873.35,500814.83,179167.01,118891.6,55796.7,148791.2
2023-10-31,Paper Packaging,Europe,Pharmaceutical,132407,567906.61,353273.49,121198.65,93434.52,39722.1,105925.6
2023-10-31,Paper Packaging,Europe,Retail,58048,249362.24,161119.19,58125.9,30117.16,17414.399999999998,46438.4
2023-10-31,Paper Packaging,Europe,Wholesale,272397,1165395.85,746658.6,261707.33,157029.98,81719.09999999999,217917.6
2023-10-31,Paper Packaging,Latin America,E-commerce,30069,103252.23,83087.09,29370.59,-9205.47,9020.699999999999,24055.2
2023-10-31,Paper Packaging,Latin America,Food & Beverage,209398,716789.95,580830.44,205609.07,-69649.53,62819.399999999994,167518.40000000002
2023-10-31,Paper Packaging,Latin America,Pharmaceutical,150401,517790.89,411280.25,147151.82,-40641.159999999996,45120.299999999996,120320.8
2023-10-31,Paper Packaging,Latin America,Retail,61858,211026.51,172251.65,61045.0,-22270.18,18557.399999999998,49486.4
2023-10-31,Paper Packaging,Latin America,Wholesale,250822,861150.64,698366.89,245248.5,-82464.75,75246.59999999999,200657.6
2023-10-31,Paper Packaging,North America,E-commerce,29591,116262.79,80617.28,29998.5,5647.02,8877.3,23672.800000000003
2023-10-31,Paper Packaging,North America,Food & Beverage,211060,829656.86,578603.88,209281.36,41771.6,63318.0,168848.0
2023-10-31,Paper Packaging,North America,Pharmaceutical,148717,583905.72,404158.99,134270.94,45475.84,44615.1,118973.6
2023-10-31,Paper Packaging,North America,Retail,56090,219676.94,156320.76,54300.13,9056.04,16827.0,44872.0
2023-10-31,Paper Packaging,North America,Wholesale,343680,1348690.7,941896.57,325758.2,81035.93000000001,103104.0,274944.0
2023-10-31,Plastic Containers,Asia Pacific,E-commerce,30994,127424.15,103881.33,37162.32,-13619.47,15497.0,30994.0
2023-10-31,Plastic Containers,Asia Pacific,Food & Beverage,183075,744136.08,606888.36,216564.69,-79316.99,91537.5,183075.0
2023-10-31,Plastic Containers,Asia Pacific,Pharmaceutical,94915,387984.63,317575.66000000003,115455.48,-45046.44,47457.5,94915.0
2023-10-31,Plastic Containers,Asia Pacific,Retail,52563,215476.47,168044.91,55421.86,-7990.29,26281.5,52563.0
2023-10-31,Plastic Containers,Asia Pacific,Wholesale,278118,1133075.29,913675.84,329364.9,-109965.42,139059.0,278118.0
2023-10-31,Plastic Containers,Europe,E-commerce,44282,212431.69,150023.18,52837.0,9571.54,22141.0,44282.0
2023-10-31,Plastic Containers,Europe,Food & Beverage,186080,886427.52,622466.25,210345.14,53616.13,93040.0,186080.0
2023-10-31,Plastic Containers,Europe,Pharmaceutical,112787,539059.26,371451.05,127273.36,40334.88,56393.5,112787.0
2023-10-31,Plastic Containers,Europe,Retail,69376,331887.98,227145.01,76866.36,27876.61,34688.0,69376.0
2023-10-31,Plastic Containers,Europe,Wholesale,423190,2021785.9,1400902.86,501468.74,119414.34,211595.0,423190.0
2023-10-31,Plastic Containers,Latin America,E-commerce,27783,106495.7,93010.65,31666.46,-18181.43,13891.5,27783.0
2023-10-31,Plastic Containers,Latin America,Food & Beverage,229583,876472.81,761323.54,267685.05,-152535.77,114791.5,229583.0
2023-10-31,Plastic Containers,Latin America,Pharmaceutical,114695,437772.67,386995.77999999997,135925.78,-85148.91,57347.5,114695.0
2023-10-31,Plastic Containers,Latin America,Retail,59592,227750.97,199654.87,69318.27,-41222.2,29796.0,59592.0
2023-10-31,Plastic Containers,Latin America,Wholesale,320674,1228920.6,1063198.09,379189.52,-213466.92,160337.0,320674.0
2023-10-31,Plastic Containers,North America,E-commerce,30610,133389.39,102843.54,36457.659999999996,-5911.83,15305.0,30610.0
2023-10-31,Plastic Containers,North America,Food & Beverage,147466,640982.48,492707.83999999997,168546.11,-20271.52,73733.0,147466.0
2023-10-31,Plastic Containers,North America,Pharmaceutical,91199,398786.61,302685.68,105822.33,-9721.42,45599.5,91199.0
2023-10-31,Plastic Containers,North America,Retail,50798,221245.01,170137.18,60125.35,-9017.53,25399.0,50798.0
2023-10-31,Plastic Containers,North America,Wholesale,268486,1183077.8,896406.51,305955.7,-19284.45,134243.0,268486.0
2023-11-30,Aluminum Cans,Asia Pacific,E-commerce,29383,163815.78,113559.05,40568.97,9687.75,11753.2,14691.5
2023-11-30,Aluminum Cans,Asia Pacific,Food & Beverage,131675,745728.3,523003.39,182807.5,39917.44,52670.0,65837.5
2023-11-30,Aluminum Cans,Asia Pacific,Pharmaceutical,124337,698799.09,485879.42,168852.39,44067.25,49734.8,62168.5
2023-11-30,Aluminum Cans,Asia Pacific,Retail,50591,284411.87,187577.83,69471.8,27362.26,20236.4,25295.5
2023-11-30,Aluminum Cans,Asia Pacific,Wholesale,246307,1383468.95,972909.7,335100.84,75458.29,98522.8,123153.5
2023-11-30,Aluminum Cans,Europe,E-commerce,25510,166051.73,98520.03,34612.9,32918.840000000004,10204.0,12755.0
2023-11-30,Aluminum Cans,Europe,Food & Beverage,208162,1350739.53,797760.39,273324.23,279654.84,83264.8,104081.0
2023-11-30,Aluminum Cans,Europe,Pharmaceutical,94926,610667.73,371262.92,129797.66,109607.11,37970.4,47463.0
2023-11-30,Aluminum Cans,Europe,Retail,70454,459019.58,270851.11,98311.95,89856.64,28181.600000000002,35227.0
2023-11-30,Aluminum Cans,Europe,Wholesale,279840,1811524.53,1071298.72,381620.04,358605.85,111936.00000000001,139920.0
2023-11-30,Aluminum Cans,Latin America,E-commerce,28133,146840.3,106401.84,38039.0,2399.3900000000003,11253.2,14066.5
2023-11-30,Aluminum Cans,Latin America,Food & Beverage,167279,877003.9,653678.86,219373.71,3951.3600000000006,66911.6,83639.5
2023-11-30,Aluminum Cans,Latin America,Pharmaceutical,104829,548499.57,404329.22,146084.42,-1914.0999999999995,41931.600000000006,52414.5
2023-11-30,Aluminum Cans,Latin America,Retail,70639,367690.22,275866.39,94815.24,-2991.4700000000003,28255.600000000002,35319.5
2023-11-30,Aluminum Cans,Latin America,Wholesale,315930,1642879.66,1208822.9,425616.95,8439.779999999999,126372.0,157965.0
2023-11-30,Aluminum Cans,North America,E-commerce,33358,197795.04,131218.55,44948.03,21628.49,13343.2,16679.0
2023-11-30,Aluminum Cans,North America,Food & Beverage,157399,930943.97,593919.57,207215.94,129808.4,62959.600000000006,78699.5
2023-11-30,Aluminum Cans,North America,Pharmaceutical,127871,758187.01,493947.79,171508.96,92730.22,51148.4,63935.5
2023-11-30,Aluminum Cans,North America,Retail,65056,384654.93,253838.23,90896.28,39920.39,26022.4,32528.0
2023-11-30,Aluminum Cans,North America,Wholesale,250570,1487718.04,962986.54,332684.2,192047.25999999998,100228.0,125285.0
2023-11-30,Biodegradable Packaging,Asia Pacific,E-commerce,32073,206572.24,158686.92,54161.26,-6276.009999999999,6414.6,19243.8
2023-11-30,Biodegradable Packaging,Asia Pacific,Food & Beverage,173540,1123556.29,859349.81,305312.09,-41105.66,34708.0,104124.0
2023-11-30,Biodegradable Packaging,Asia Pacific,Pharmaceutical,121887,788482.08,590314.59,206778.67,-8611.19,24377.4,73132.2
2023-11-30,Biodegradable Packaging,Asia Pacific,Retail,61104,395481.85,305864.48,108078.59,-18461.22,12220.800000000001,36662.4
2023-11-30,Biodegradable Packaging,Asia Pacific,Wholesale,339069,2196444.51,1675539.5,593840.51,-72935.5,67813.8,203441.4
2023-11-30,Biodegradable Packaging,Europe,E-commerce,29998,224678.58,149270.9,50445.909999999996,24961.81,5999.6,17998.8
2023-11-30,Biodegradable Packaging,Europe,Food & Beverage,170216,1272505.61,826622.99,292712.23,153170.36,34043.200000000004,102129.59999999999
2023-11-30,Biodegradable Packaging,Europe,Pharmaceutical,119474,901270.28,569213.46,196060.35,135996.48,23894.800000000003,71684.4
2023-11-30,Biodegradable Packaging,Europe,Retail,65123,487075.45,324477.5,113703.29,48894.65,13024.6,39073.799999999996
2023-11-30,Biodegradable Packaging,Europe,Wholesale,266701,1989890.7,1290924.39,468670.20999999996,230296.14,53340.200000000004,160020.6
2023-11-30,Biodegradable Packaging,Latin America,E-commerce,28503,171460.88,141839.81,49841.2,-20220.12,5700.6,17101.8
2023-11-30,Biodegradable Packaging,Latin America,Food & Beverage,140796,845247.34,682385.33,225912.79,-63050.74,28159.2,84477.59999999999
2023-11-30,Biodegradable Packaging,Latin America,Pharmaceutical,90789,548251.21,437673.74,151590.29,-41012.8,18157.8,54473.4
2023-11-30,Biodegradable Packaging,Latin America,Retail,59515,358962.2,301121.88,107728.59,-49888.33,11903.0,35709.0
2023-11-30,Biodegradable Packaging,Latin America,Wholesale,290491,1735249.09,1415571.12,490557.5,-170879.6,58098.200000000004,174294.6
2023-11-30,Biodegradable Packaging,North America,E-commerce,38605,264775.04,190262.35,67729.1,6783.639999999999,7721.0,23163.0
2023-11-30,Biodegradable Packaging,North America,Food & Beverage,153711,1055892.53,759955.18,265002.82,30934.52,30742.2,92226.59999999999
2023-11-30,Biodegradable Packaging,North America,Pharmaceutical,143448,978535.54,708468.2,239910.27,30157.08,28689.600000000002,86068.8
2023-11-30,Biodegradable Packaging,North America,Retail,58968,403548.41,290860.23,100137.92,12550.31,11793.6,35380.8
2023-11-30,Biodegradable Packaging,North America,Wholesale,257776,1750392.34,1322874.9,481355.02999999997,-53837.61,51555.200000000004,154665.6
2023-11-30,Glass Bottles,Asia Pacific,E-commerce,38081,263788.64,167110.74,58749.95,37927.95,45697.2,57121.5
2023-11-30,Glass Bottles,Asia Pacific,Food & Beverage,213306,1468256.94,935294.96,332924.08,200037.88999999998,255967.19999999998,319959.0
2023-11-30,Glass Bottles,Asia Pacific,Pharmaceutical,118409,814301.86,522206.47,181915.52,110179.94,142090.8,177613.5
2023-11-30,Glass Bottles,Asia Pacific,Retail,62914,434445.22,277549.85,95827.09,61068.270000000004,75496.8,94371.0
2023-11-30,Glass Bottles,Asia Pacific,Wholesale,300510,2075406.94,1312954.35,470431.46,292021.15,360612.0,450765.0
2023-11-30,Glass Bottles,Europe,E-commerce,33072,265032.52999999997,144854.29,49112.3,71065.92,39686.4,49608.0
2023-11-30,Glass Bottles,Europe,Food & Beverage,191086,1535281.54,835338.56,299066.74,400876.27999999997,229303.19999999998,286629.0
2023-11-30,Glass Bottles,Europe,Pharmaceutical,142889,1139618.05,641986.32,226742.86000000002,270888.87,171466.8,214333.5
2023-11-30,Glass Bottles,Europe,Retail,59038,469201.84,258455.25,94450.3,116296.28,70845.59999999999,88557.0
2023-11-30,Glass Bottles,Europe,Wholesale,386086,3076135.47,1722945.36,606344.08,746846.0599999999,463303.19999999995,579129.0
2023-11-30,Glass Bottles,Latin America,E-commerce,26803,172657.83,119779.27,41807.28,11071.26,32163.6,40204.5
2023-11-30,Glass Bottles,Latin America,Food & Beverage,237969,1524594.28,1058366.63,373719.28,92508.43000000001,285562.8,356953.5
2023-11-30,Glass Bottles,Latin America,Pharmaceutical,121961,785528.9400000001,536715.93,188423.21,60389.84,146353.19999999998,182941.5
2023-11-30,Glass Bottles,Latin America,Retail,66212,423195.58,296588.58,101435.5,25171.46,79454.4,99318.0
2023-11-30,Glass Bottles,Latin America,Wholesale,281640,1795630.82,1209450.1500000001,434924.68,151255.91999999998,337968.0,422460.0
2023-11-30,Glass Bottles,North America,E-commerce,33289,240294.48,144387.0,50365.01,45542.45,39946.799999999996,49933.5
2023-11-30,Glass Bottles,North America,Food & Beverage,241774,1757500.25,1059628.29,369329.34,328542.63,290128.8,362661.0
2023-11-30,Glass Bottles,North America,Pharmaceutical,116045,845543.39,510420.21,184372.39,150750.7,139254.0,174067.5
2023-11-30,Glass Bottles,North America,Retail,70065,511870.96,303913.07,103238.37,104719.59,84078.0,105097.5
2023-11-30,Glass Bottles,North America,Wholesale,342184,2493603.74,1516982.82,528153.31,448467.62,410620.8,513276.0
2023-11-30,Paper Packaging,Asia Pacific,E-commerce,27655,106497.95,77487.04,27867.170000000002,1143.79,8296.5,22124.0
2023-11-30,Paper Packaging,Asia Pacific,Food & Beverage,170780,661194.51,471620.23,165546.14,24028.14,51234.0,136624.0
2023-11-30,Paper Packaging,Asia Pacific,Pharmaceutical,133282,516352.68,369330.41,130389.45,16632.86,39984.6,106625.6
2023-11-30,Paper Packaging,Asia Pacific,Retail,62319,241687.03,172400.63999999998,59533.590000000004,9752.84,18695.7,49855.200000000004
2023-11-30,Paper Packaging,Asia Pacific,Wholesale,329861,1281826.09,907437.22,312698.53,61690.31,98958.3,263888.8
2023-11-30,Paper Packaging,Europe,E-commerce,33312,150881.31,91875.06999999999,32520.75,26485.57,9993.6,26649.600000000002
2023-11-30,Paper Packaging,Europe,Food & Beverage,165551,745937.03,444893.5,155594.4,145449.07,49665.299999999996,132440.80000000002
2023-11-30,Paper Packaging,Europe,Pharmaceutical,102421,461259.44,281354.5,94244.53,85660.44,30726.3,81936.8
2023-11-30,Paper Packaging,Europe,Retail,58465,264665.21,160376.52,56237.020000000004,48051.62,17539.5,46772.0
2023-11-30,Paper Packaging,Europe,Wholesale,309648,1374687.62,852596.11,290357.7,231733.84,92894.4,247718.40000000002
2023-11-30,Paper Packaging,Latin America,E-commerce,34162,123300.76,93139.09,32565.23,-2403.54,10248.6,27329.600000000002
2023-11-30,Paper Packaging,Latin America,Food & Beverage,220149,793401.93,601270.81,206077.5,-13946.269999999999,66044.7,176119.2
2023-11-30,Paper Packaging,Latin America,Pharmaceutical,99345,355290.18,272084.44,93706.64,-10500.88,29803.5,79476.0
2023-11-30,Paper Packaging,Latin America,Retail,53821,192490.12,149984.7,50599.75,-8094.32,16146.3,43056.8
2023-11-30,Paper Packaging,Latin America,Wholesale,320148,1151247.44,875624.21,311902.77,-36279.5,96044.4,256118.40000000002
2023-11-30,Paper Packaging,North America,E-commerce,19280,79654.41,53535.06,18064.85,8054.45,5784.0,15424.0
2023-11-30,Paper Packaging,North America,Food & Beverage,183468,747687.4,508164.72,177517.26,62005.4,55040.4,146774.4
2023-11-30,Paper Packaging,North America,Pharmaceutical,144392,591699.16,390243.33,133678.13,67777.79,43317.6,115513.6
2023-11-30,Paper Packaging,North America,Retail,54473,224642.77,153707.79,51961.58,18973.46,16341.9,43578.4
2023-11-30,Paper Packaging,North America,Wholesale,263387,1082681.58,722864.82,243329.67,116487.17,79016.09999999999,210709.6
2023-11-30,Plastic Containers,Asia Pacific,E-commerce,27674,118778.34,89063.53,30417.14,-702.3700000000001,13837.0,27674.0
2023-11-30,Plastic Containers,Asia Pacific,Food & Beverage,169106,733030.4199999999,561313.93,192865.47,-21148.98,84553.0,169106.0
2023-11-30,Plastic Containers,Asia Pacific,Pharmaceutical,105244,454423.48,349587.39,120427.58,-15591.49,52622.0,105244.0
2023-11-30,Plastic Containers,Asia Pacific,Retail,64432,279095.4,209155.32,74506.39,-4566.27,32216.0,64432.0
2023-11-30,Plastic Containers,Asia Pacific,Wholesale,276118,1186617.6,909995.04,308439.6,-31816.989999999998,138059.0,276118.0
2023-11-30,Plastic Containers,Europe,E-commerce,30653,152246.11,100414.06,36587.52,15244.52,15326.5,30653.0
2023-11-30,Plastic Containers,Europe,Food & Beverage,160127,798325.58,520645.81,183238.52,94441.25,80063.5,160127.0
2023-11-30,Plastic Containers,Europe,Pharmaceutical,135756,681945.12,454078.96,151842.03,76024.13,67878.0,135756.0
2023-11-30,Plastic Containers,Europe,Retail,52152,258594.18,173682.64,61295.67,23615.93,26076.0,52152.0
2023-11-30,Plastic Containers,Europe,Wholesale,285180,1429163.75,919804.45,316025.87,193333.38999999998,142590.0,285180.0
2023-11-30,Plastic Containers,Latin America,E-commerce,21907,88117.09,72038.95,25431.19,-9352.99,10953.5,21907.0
2023-11-30,Plastic Containers,Latin America,Food & Beverage,169062,676619.03,559362.48,202437.26,-85180.66,84531.0,169062.0
2023-11-30,Plastic Containers,Latin America,Pharmaceutical,99746,398148.64,322767.14,111317.13,-35935.68,49873.0,99746.0
2023-11-30,Plastic Containers,Latin America,Retail,61956,247387.98,206618.15,72637.96,-31868.07,30978.0,61956.0
2023-11-30,Plastic Containers,Latin America,Wholesale,365576,1452308.14,1206182.27,429497.09,-183371.25,182788.0,365576.0
2023-11-30,Plastic Containers,North America,E-commerce,33680,154562.9,110913.77,38793.52,4855.62,16840.0,33680.0
2023-11-30,Plastic Containers,North America,Food & Beverage,180358,832853.41,587519.47,206629.67,38704.19,90179.0,180358.0
2023-11-30,Plastic Containers,North America,Pharmaceutical,159667,725379.62,525444.28,183581.91,16353.41,79833.5,159667.0
2023-11-30,Plastic Containers,North America,Retail,63011,287504.17,207772.01,74722.79,5009.41,31505.5,63011.0
2023-11-30,Plastic Containers,North America,Wholesale,239196,1092180.41,785882.08,265489.64,40808.7,119598.0,239196.0
2023-12-31,Aluminum Cans,Asia Pacific,E-commerce,38717,234525.87,150475.62,52167.76,31882.4,15486.800000000001,19358.5
2023-12-31,Aluminum Cans,Asia Pacific,Food & Beverage,162922,995210.46,624807.58,208164.53,162238.35,65168.8,81461.0
2023-12-31,Aluminum Cans,Asia Pacific,Pharmaceutical,125453,757794.08,467037.68,160598.64,130157.81,50181.200000000004,62726.5
2023-12-31,Aluminum Cans,Asia Pacific,Retail,74097,448861.24,281431.62,101861.77,65567.81,29638.800000000003,37048.5
2023-12-31,Aluminum Cans,Asia Pacific,Wholesale,268082,1622848.04,1012765.13,350501.68,259581.22,107232.8,134041.0
2023-12-31,Aluminum Cans,Europe,E-commerce,31341,219234.66,120732.66,42828.97,55673.0,12536.400000000001,15670.5
2023-12-31,Aluminum Cans,Europe,Food & Beverage,197656,1381305.72,768522.11,273319.3,339464.31,79062.40000000001,98828.0
2023-12-31,Aluminum Cans,Europe,Pharmaceutical,118888,832804.22,465237.82,155475.58,212090.91,47555.200000000004,59444.0
2023-12-31,Aluminum Cans,Europe,Retail,47449,329458.86,183672.6,64283.58,81502.73,18979.600000000002,23724.5
2023-12-31,Aluminum Cans,Europe,Wholesale,305676,2157687.26,1201594.18,422951.55,533141.55,122270.40000000001,152838.0
2023-12-31,Aluminum Cans,Latin America,E-commerce,34254,192803.65,133021.02,47118.3,12664.28,13701.6,17127.0
2023-12-31,Aluminum Cans,Latin America,Food & Beverage,164283,924910.45,627859.0,218308.8,78742.71,65713.2,82141.5
2023-12-31,Aluminum Cans,Latin America,Pharmaceutical,127586,713746.41,483589.59,170405.91,59750.8,51034.4,63793.0
2023-12-31,Aluminum Cans,Latin America,Retail,67678,380559.08,262159.98,90529.06,27870.100000000002,27071.2,33839.0
2023-12-31,Aluminum Cans,Latin America,Wholesale,326014,1843776.54,1239138.59,433527.18,171110.76,130405.6,163007.0
2023-12-31,Aluminum Cans,North America,E-commerce,26094,166342.68,99774.18,34366.08,32202.46,10437.6,13047.0
2023-12-31,Aluminum Cans,North America,Food & Beverage,179968,1148560.25,690511.24,251156.41,206892.61000000002,71987.2,89984.0
2023-12-31,Aluminum Cans,North America,Pharmaceutical,107778,685030.6,414716.23,149457.07,120857.26,43111.200000000004,53889.0
2023-12-31,Aluminum Cans,North America,Retail,70079,446780.65,266358.1,92205.68,88216.95,28031.600000000002,35039.5
2023-12-31,Aluminum Cans,North America,Wholesale,263400,1677337.36,1021094.32,354096.9,302146.15,105360.0,131700.0
2023-12-31,Biodegradable Packaging,Asia Pacific,E-commerce,35603,249523.96,180052.78,63031.77,6439.39,7120.6,21361.8
2023-12-31,Biodegradable Packaging,Asia Pacific,Food & Beverage,189179,1327060.73,934253.83,342926.99,49879.85,37835.8,113507.4
2023-12-31,Biodegradable Packaging,Asia Pacific,Pharmaceutical,112999,792588.44,556758.02,200490.69,35339.75,22599.800000000003,67799.4
2023-12-31,Biodegradable Packaging,Asia Pacific,Retail,66187,465316.23,330484.5,115959.27,18872.43,13237.400000000001,39712.2
2023-12-31,Biodegradable Packaging,Asia Pacific,Wholesale,249485,1752631.3800000001,1246978.21,445955.37,59697.79000000001,49897.0,149691.0
2023-12-31,Biodegradable Packaging,Europe,E-commerce,30677,248821.21,155042.59,53527.27,40251.35,6135.400000000001,18406.2
2023-12-31,Biodegradable Packaging,Europe,Food & Beverage,148918,1196824.55,738318.63,261676.91,196828.97,29783.600000000002,89350.8
2023-12-31,Biodegradable Packaging,Europe,Pharmaceutical,97463,780757.47,484131.32,170959.42,125666.7,19492.600000000002,58477.799999999996
2023-12-31,Biodegradable Packaging,Europe,Retail,64199,521947.19,314136.33,104540.77,103270.14,12839.800000000001,38519.4
2023-12-31,Biodegradable Packaging,Europe,Wholesale,354549,2856286.99,1780523.6199999999,623913.75,451849.58,70909.8,212729.4
2023-12-31,Biodegradable Packaging,Latin America,E-commerce,29464,190670.06,144097.03,50209.41,-3636.3500000000004,5892.8,17678.399999999998
2023-12-31,Biodegradable Packaging,Latin America,Food & Beverage,214836,1388222.32,1043764.7,362641.37,-18183.76,42967.200000000004,128901.59999999999
2023-12-31,Biodegradable Packaging,Latin America,Pharmaceutical,135511,871714.12,666776.46,233882.38,-28944.71,27102.2,81306.59999999999
2023-12-31,Biodegradable Packaging,Latin America,Retail,65230,427787.27,329260.24,117338.3,-18811.27,13046.0,39138.0
2023-12-31,Biodegradable Packaging,Latin America,Wholesale,295350,1920938.75,1460800.59,500877.68,-40739.49,59070.0,177210.0
2023-12-31,Biodegradable Packaging,North America,E-commerce,33020,243319.4,166808.14,58076.26,18435.03,6604.0,19812.0
2023-12-31,Biodegradable Packaging,North America,Food & Beverage,162340,1199935.44,824867.95,277721.2,97346.27,32468.0,97404.0
2023-12-31,Biodegradable Packaging,North America,Pharmaceutical,127265,936529.52,620624.52,217926.13999999998,97978.84,25453.0,76359.0
2023-12-31,Biodegradable Packaging,North America,Retail,67739,499101.2,334184.17,117989.81,46927.26,13547.800000000001,40643.4
2023-12-31,Biodegradable Packaging,North America,Wholesale,290966,2122326.59,1450786.11,517283.08,154257.36,58193.200000000004,174579.6
2023-12-31,Glass Bottles,Asia Pacific,E-commerce,26063,197871.61000000002,113568.86,40845.87,43456.89,31275.6,39094.5
2023-12-31,Glass Bottles,Asia Pacific,Food & Beverage,188438,1408814.68,821779.34,283035.23,304000.1,226125.6,282657.0
2023-12-31,Glass Bottles,Asia Pacific,Pharmaceutical,120420,896357.55,539461.73,184153.99,172741.85,144504.0,180630.0
2023-12-31,Glass Bottles,Asia Pacific,Retail,74284,552696.46,326500.56,116483.67,109712.16,89140.8,111426.0
2023-12-31,Glass Bottles,Asia Pacific,Wholesale,348997,2620475.78,1550868.96,557769.85,511836.93,418796.39999999997,523495.5
2023-12-31,Glass Bottles,Europe,E-commerce,29348,253895.56,128990.22,45915.7,78989.62,35217.6,44022.0
2023-12-31,Glass Bottles,Europe,Food & Beverage,153867,1324550.37,663717.05,235647.45,425185.96,184640.4,230800.5
2023-12-31,Glass Bottles,Europe,Pharmaceutical,114244,972172.44,503571.74,180082.55,288518.15,137092.8,171366.0
2023-12-31,Glass Bottles,Europe,Retail,63182,543482.79,278085.81,98397.19,166999.8,75818.4,94773.0
2023-12-31,Glass Bottles,Europe,Wholesale,264120,2252524.15,1166078.78,404039.61,682405.82,316944.0,396180.0
2023-12-31,Glass Bottles,Latin America,E-commerce,30666,211006.27,136020.19,47404.2,27581.89,36799.2,45999.0
2023-12-31,Glass Bottles,Latin America,Food & Beverage,164847,1130858.84,740520.4,267241.91,123096.49,197816.4,247270.5
2023-12-31,Glass Bottles,Latin America,Pharmaceutical,137897,959631.47,605612.26,209652.08,144367.15,165476.4,206845.5
2023-12-31,Glass Bottles,Latin America,Retail,51323,358989.24,225100.32,75203.47,58685.42,61587.6,76984.5
2023-12-31,Glass Bottles,Latin America,Wholesale,319624,2226604.67,1412275.52,488450.8,325878.27,383548.8,479436.0
2023-12-31,Glass Bottles,North America,E-commerce,36755,287454.25,163925.86,56119.13,67409.26,44106.0,55132.5
2023-12-31,Glass Bottles,North America,Food & Beverage,159824,1248498.3,701545.89,243400.24,303552.19,191788.8,239736.0
2023-12-31,Glass Bottles,North America,Pharmaceutical,147705,1149006.0,658987.07,236707.49,253311.37,177246.0,221557.5
2023-12-31,Glass Bottles,North America,Retail,56021,439422.82,242711.99,86945.99,109764.84,67225.2,84031.5
2023-12-31,Glass Bottles,North America,Wholesale,247735,1930821.82,1076165.37,376534.25,478122.24,297282.0,371602.5
2023-12-31,Paper Packaging,Asia Pacific,E-commerce,31818,133309.7,87210.88,29996.15,16102.63,9545.4,25454.4
2023-12-31,Paper Packaging,Asia Pacific,Food & Beverage,178007,738830.19,493500.65,173935.38,71394.25,53402.1,142405.6
2023-12-31,Paper Packaging,Asia Pacific,Pharmaceutical,117629,493109.99,328722.82,110816.54,53570.61,35288.7,94103.20000000001
2023-12-31,Paper Packaging,Asia Pacific,Retail,58340,245045.16999999998,164330.63999999998,57071.4,23643.13,17502.0,46672.0
2023-12-31,Paper Packaging,Asia Pacific,Wholesale,356209,1490240.2,971687.48,328661.18,189891.5,106862.7,284967.2
2023-12-31,Paper Packaging,Europe,E-commerce,28130,135777.5,78337.55,28179.28,29260.78,8439.0,22504.0
2023-12-31,Paper Packaging,Europe,Food & Beverage,185859,896551.22,512522.65,173958.49,210070.06,55757.7,148687.2
2023-12-31,Paper Packaging,Europe,Pharmaceutical,131906,633428.03,361901.38,128163.43000000001,143363.26,39571.799999999996,105524.8
2023-12-31,Paper Packaging,Europe,Retail,56454,271605.27,154925.79,54602.64,62076.82,16936.2,45163.200000000004
2023-12-31,Paper Packaging,Europe,Wholesale,297870,1441386.6,817946.16,279845.1,343595.32,89361.0,238296.0
2023-12-31,Paper Packaging,Latin America,E-commerce,37172,143685.17,103655.99,36292.44,3736.76,11151.6,29737.600000000002
2023-12-31,Paper Packaging,Latin America,Food & Beverage,138359,533129.3099999999,379876.07,135702.54,17550.7,41507.7,110687.20000000001
2023-12-31,Paper Packaging,Latin America,Pharmaceutical,101818,398749.52999999997,277393.51,96214.49,25141.51,30545.399999999998,81454.40000000001
2023-12-31,Paper Packaging,Latin America,Retail,74533,289279.15,201836.86,71263.77,16178.62,22359.899999999998,59626.4
2023-12-31,Paper Packaging,Latin America,Wholesale,369689,1441532.69,998294.45,351733.03,91505.31999999999,110906.7,295751.2
2023-12-31,Paper Packaging,North America,E-commerce,39973,176802.7,108671.69,38022.159999999996,30108.82,11991.9,31978.4
2023-12-31,Paper Packaging,North America,Food & Beverage,177138,778985.72,484907.60000000003,170331.3,123746.83,53141.4,141710.4
2023-12-31,Paper Packaging,North America,Pharmaceutical,94092,409729.94,261082.15,91341.13,57306.72,28227.6,75273.6
2023-12-31,Paper Packaging,North America,Retail,64088,284312.03,179585.11,63025.69,41701.229999999996,19226.399999999998,51270.4
2023-12-31,Paper Packaging,North America,Wholesale,384908,1684359.56,1064432.17,375573.95,244353.45,115472.4,307926.4
2023-12-31,Plastic Containers,Asia Pacific,E-commerce,36369,169570.74,119270.75,42750.38,7549.66,18184.5,36369.0
2023-12-31,Plastic Containers,Asia Pacific,Food & Beverage,177183,822400.68,587406.8,202243.69,32750.199999999997,88591.5,177183.0
2023-12-31,Plastic Containers,Asia Pacific,Pharmaceutical,138065,647344.8,451294.92,158721.41,37328.43,69032.5,138065.0
2023-12-31,Plastic Containers,Asia Pacific,Retail,54760,253488.04,181054.12,65560.1,6873.8,27380.0,54760.0
2023-12-31,Plastic Containers,Asia Pacific,Wholesale,234214,1093742.02,773929.74,273857.5,45954.74,117107.0,234214.0
2023-12-31,Plastic Containers,Europe,E-commerce,30582,163614.58,101247.33,35867.3,26499.96,15291.0,30582.0
2023-12-31,Plastic Containers,Europe,Food & Beverage,209101,1120547.92,695276.3,241125.86,184145.77,104550.5,209101.0
2023-12-31,Plastic Containers,Europe,Pharmaceutical,135531,727151.78,449472.34,156629.04,121050.41,67765.5,135531.0
2023-12-31,Plastic Containers,Europe,Retail,71438,386081.24,237366.47,81200.83,67513.98,35719.0,71438.0
2023-12-31,Plastic Containers,Europe,Wholesale,321221,1717356.95,1054329.79,367846.64,295180.46,160610.5,321221.0
2023-12-31,Plastic Containers,Latin America,E-commerce,40154,174306.6,132726.71,46870.9,-5291.150000000001,20077.0,40154.0
2023-12-31,Plastic Containers,Latin America,Food & Beverage,192425,822985.03,630945.42,227886.33,-35846.8,96212.5,192425.0
2023-12-31,Plastic Containers,Latin America,Pharmaceutical,145388,630085.98,485342.19,174674.7,-29930.89,72694.0,145388.0
2023-12-31,Plastic Containers,Latin America,Retail,58369,252248.27,190272.93,68743.74,-6768.429999999999,29184.5,58369.0
2023-12-31,Plastic Containers,Latin America,Wholesale,282514,1220806.33,933701.74,329358.61,-42253.96,141257.0,282514.0
2023-12-31,Plastic Containers,North America,E-commerce,35862,176201.25,117804.46,38987.47,19409.32,17931.0,35862.0
2023-12-31,Plastic Containers,North America,Food & Beverage,188290,923138.01,616489.7,214470.04,92178.22,94145.0,188290.0
2023-12-31,Plastic Containers,North America,Pharmaceutical,93781,460740.05,307100.87,104540.39,49098.85,46890.5,93781.0
2023-12-31,Plastic Containers,North America,Retail,56973,278827.71,186443.96,63578.33,28805.46,28486.5,56973.0
2023-12-31,Plastic Containers,North America,Wholesale,268053,1315957.33,882527.8300000001,295329.83,138099.59,134026.5,268053.0
